3046 4868
636 315 849 378 „19—

174 498 260 562 ager.
295 498 356 540 nec
376 477 461 541 enim
481 499 553 541 cum
572 476 721 541 ubertate
745 479 778 539 et
800 474 1011 558 amplitudine
1036 475 1096 539 soli
1118 475 1230 540 labore
1245 499 1318 541 eon-

171 583 322 667 tendunt,
350 587 387 647 ut
414 583 561 666 pomaria
584 586 756 648 conserant
779 586 812 646 et
834 586 930 666 prata
953 584 1103 666 separent
1125 586 1183 646 111
1204 582 1318 647 hortos

173 674 292 775 rigent:
326 691 397 755 sola
428 692 534 754 terrae
569 710 661 773 seges
695 690 881 772 imperatur.
922 689 1005 753 unde
1039 711 1158 753 annum
1192 710 1344 773 quoques

172 798 279 880 ipsum
292 818 359 862 non
377 797 411 860 in
429 796 564 861 totidem
580 796 729 880 digerunt
752 796 888 878 specics:
912 796 1015 860 hiems
1039 799 1072 859 et
1086 817 1144 858 uer
1167 798 1200 858 et
1213 798 1319 858 aestas

173 904 373 987 intellectum
402 925 440 966 ac
470 903 629 967 uocabula
651 902 786 986 habent,
814 902 960 965 autumni
983 903 1115 985 perinde
1140 923 1259 966 nomen
1283 924 1321 966 ac

171 1011 259 1076 bona
282 1011 484 1094 ignorantur.

261 1118 314 1181 27.
345 1115 507 1180 Funerum
521 1116 611 1180 nulla
626 1116 775 1180 ambitio:
798 1115 831 1179 id
850 1116 954 1179 solum
973 1115 1178 1199 obseruatur,
1197 1118 1234 1179 ut
1253 1139 1320 1180 eor·
1364 1184 1367 1189 ,

173 1245 253 1307 pora
277 1224 438 1287 clarorum
461 1223 605 1288 uirorum
629 1223 724 1288 certis
753 1222 851 1307 lignis
875 1225 1066 1287 crementur.
1104 1225 1224 1287 struem
1248 1225 1321 1308 rogi

174 1351 233 1394 nec
255 1329 401 1393 uestibus
424 1351 483 1394 nec
512 1330 665 1393 odoribus
689 1330 867 1393 cumulant:
898 1351 955 1393 sua
979 1329 1092 1412 cuique
1116 1352 1219 1413 arma,
1243 1352 1320 1414 quo-

173 1436 309 1499 rundam
337 1436 406 1520 igni
440 1440 473 1500 et
500 1458 599 1520 equus
628 1436 774 1522 adicitur.
817 1435 1021 1519 sepulchrum
1051 1458 1182 1518 caespes
1200 1437 1348 1520 erigitza

173 1546 454 1606 monumentorum
470 1543 605 1607 arduum
625 1546 658 1606 et
681 1564 853 1626 operosum
876 1542 1034 1607 honorem
1057 1545 1094 1606 ut
1117 1564 1250 1627 grauem
1270 1543 1320 1606 de·
1397 1563 1400 1570 ·

173 1649 291 1713 functis
323 1652 547 1733 aspernantur.
592 1650 736 1714 lamenta
764 1671 801 1713 ae
830 1649 982 1712 lacrimas
1011 1649 1074 1713 cito
1081 1699 1088 1730 ‚
1116 1648 1260 1713 dolorem
1288 1654 1321 1714 et

172 1756 338 1821 tristitiam
366 1758 457 1821 tarde
486 1760 620 1840 ponunt.
665 1757 795 1821 seminis
824 1757 934 1840 lugere
957 1756 1130 1820 honestum
1154 1757 1216 1835 est,
1240 1757 1319 1821 uiris

173 1863 365 1929 meminisse.
1173 1905 1175 1909 ψ
1335 1889 1347 1927 s

261 1968 351 2034 Haec
378 1970 412 2033 in
440 1992 608 2036 commune
638 1970 676 2033 de
706 1971 849 2036 omnium
873 1969 1109 2034 Germanorum
1136 1971 1260 2054 origine
1284 1993 1321 2035 ac

173 2076 318 2141 moribus
343 2077 539 2161 accepimus3
563 2099 648 2141 nunc
667 2077 867 2161 singularum
887 2076 1032 2160 gentium
1052 2076 1203 2140 instituta
1225 2077 1322 2141 ritus-

175 2204 250 2267 que,
273 2187 431 2268 quatenus
450 2184 615 2267 differant,
639 2206 721 2268 quae
740 2184 887 2248 nationes
908 2204 925 2246 e
945 2182 1119 2247 Germania
1142 2183 1177 2246 in
1196 2181 1321 2246 Gallias

174 2290 471 2375 commigrauerint,
495 2289 671 2372 expediam.
1335 2314 1361 2352 12

262 2398 314 2462 28.
350 2395 534 2462 Validiores
558 2397 636 2462 olim
660 2395 829 2460 Gallorum
848 2418 898 2460 res
922 2396 1021 2460 fuisse
1041 2417 1185 2460 summus
1210 2398 1319 2460 aucto-

173 2526 245 2567 rum
269 2503 361 2568 diuus
384 2504 486 2568 Iulius
509 2502 622 2586 tradit,
650 2525 751 2588 eoque
779 2502 931 2568 credibile
955 2499 1005 2567 est
1029 2503 1127 2566 etiam
1150 2500 1261 2567 Gallos
1284 2503 1319 2566 in

174 2608 380 2675 Germaniam
392 2615 630 2695 transgressos:
653 2610 846 2695 quantulum
861 2609 947 2673 enim
962 2610 1067 2673 amnis
1083 2608 1235 2673 obstabat
1254 2631 1317 2693 quo

147 2746 149 2751 ¹
173 2717 293 2802 minus,
322 2721 358 2781 ut
380 2738 524 2802 quaeque
547 2737 627 2801 gens
651 2717 830 2799 maluerat,
857 2718 1030 2798 occuparet
1055 2716 1349 2798 permutaretquer

174 2822 265 2886 sedes
288 2823 488 2907 promiscuas
512 2822 616 2887 adhuc
639 2826 672 2886 et
693 2823 784 2886 nulla
806 2843 980 2906 regnorum
1001 2821 1149 2904 potentia
1173 2821 1318 2886 diuisas?

262 2928 368 3012 Igitur
393 2928 479 2993 inter
501 2927 699 3012 Hercyniam
727 2929 845 2993 siluam
867 2927 1077 3012 Rhenumque
1105 2929 1138 2992 et
1164 2926 1317 2993 Moenum

175 3057 286 3099 amnes
301 3033 457 3118 Heluetii,
480 3035 636 3100 ulteriora
655 3035 743 3119 Boii,
767 3034 893 3099 Gallica
913 3038 1050 3118 utraque
1070 3053 1163 3119 gens,
1186 3037 1318 3099 tenuere

174 3145 282 3205 manet
314 3140 418 3205 adhuc
446 3141 617 3206 Boihaemi
643 3164 763 3206 nomen
795 3142 968 3227 signatque
999 3141 1063 3206 loci
1091 3143 1234 3204 ueterem
1256 3163 1348 3204 mes

173 3247 310 3311 moriam
339 3249 487 3330 quamuis
516 3249 651 3314 mutatis
681 3248 867 3314 cultoribus
906 3248 961 3312 sed
985 3250 1094 3311 utrum
1117 3246 1265 3311 Arauisci
1288 3248 1323 3311 in

174 3353 376 3418 Pannoniam
392 3377 411 3419 a
425 3354 518 3439 Bois,
541 3354 778 3420 Germanorum
795 3355 942 3438 natione,
962 3376 1004 3417 an
1023 3353 1080 3418 Osi
1099 3355 1140 3416 ab
1155 3339 1321 3417 Arauiscis

246 3543 840 3616 1111111311111111111111.11
873 3554 896 3602 7.
924 3548 1055 3616 separent
1077 3551 1154 3628 qua
1194 3550 1323 3615 separent

174 3620 209 3686 n
213 3612 242 3669 A'
282 3619 377 3672 secent
399 3623 486 3674 Huar
518 3620 528 3687 ΙΙ
559 3623 591 3674 ut
599 3624 680 3744 tflyu
718 3621 767 3673 aut
785 3619 945 3702 Nipperdey
977 3618 986 3688 ll
1018 3624 1042 3671 9.
1062 3616 1150 3670 hiems
1163 3622 1189 3669 Ε
1225 3619 1321 3686 hyems

175 3657 231 3741 sA'
264 3689 383 3758 hyemps
396 3695 424 3742 11
450 3691 460 3759 ΙΙ
489 3695 530 3743 11
548 3695 610 3759 post
627 3691 821 3760 ignorantur
809 3708 841 3743 111
854 3684 883 3741 A'
913 3693 1042 3742 1111111111
1060 3689 1160 3755 eapitis
1178 3693 1217 3743 25
1235 3690 1320 3743 uerba

174 3758 334 3814 Liberti—
354 3763 550 3829 argumentum
568 3765 638 3815 sunt.

245 3831 294 3883 2⁷.
335 3837 359 3885 4.
389 3832 567 3899 sepulchrum
589 3836 653 3902 Hya
698 3832 825 3901 sepulcra
848 3826 877 3882 A'
915 3831 925 3900 u
962 3837 986 3918 7.
1010 3830 1065 3901 est]
1092 3831 1166 3884 omis.
1190 3835 1215 3882 Η
1250 3830 1261 3899 ll
1296 3837 1321 3884 8.

173 3936 284 3990 LIBER
303 3954 365 3990 scos
380 3942 444 4005 post
461 3937 665 4009 meminisses

245 4008 360 4061 28.1.
384 4011 530 4062 auctorum
552 4013 595 4060 ΗΒ
643 4013 770 4064 autorum
794 4015 840 4063 111
885 4009 967 4061 autor
991 4013 1083 4079 82111
1107 4003 1137 4057 A'
1170 4009 1180 4075 ΙΙ
1212 4013 1236 4062 6
1260 4005 1321 4060 her-

174 4077 256 4147 cynia
274 4096 293 4132 a
329 4077 490 4160 hercyniam
509 4085 537 4132 11
581 4079 708 4149 hircynia
725 4076 754 4132 A'
798 4077 952 4135 hircimas
983 4080 993 4147 ΙΙ
1024 4083 1049 4131 8.
1067 4076 1202 4131 boiihemi
1220 4094 1320 4131 nomen

174 4153 200 4200 11
235 4148 358 4204 bohiemi
381 4156 503 4204 nomes
543 4150 657 4205 bohemi
680 4169 761 4206 nome
786 4152 876 4205 adhuc
902 4150 957 4218 boy'
981 4146 1110 4202 heimone
1134 4154 1161 4201 11
1197 4147 1321 4203 boihemi

173 4235 276 4274 nomen
294 4215 332 4271 A''
371 4220 541 4302 Boyemioue
561 4225 645 4276 Auar.
688 4223 868 4292 bohuemis2
907 4219 1021 4273 bohemi
1044 4235 1146 4273 nomen
1164 4223 1275 4287 1111119.
1312 4218 1321 4290 ll

174 4290 324 4360 signatque
342 4296 414 4346 11111
450 4290 618 4362 113111111ᾳὸ
633 4298 673 4345 sA
699 4295 709 4362 ΙΙ
736 4300 760 4348 9.
780 4290 899 4347 arauisei
912 4294 987 4343 11111
1024 4289 1173 4344 araniscis
1205 4290 1214 4358 11
1243 4294 1284 4344 19.
1305 4307 1322 4344 a

174 4361 235 4416 bois
253 4367 306 4415 mr
342 4362 453 4418 aboiis
478 4369 516 4416 θα
548 4362 558 4431 ΙΙ
589 4379 625 4416 an
649 4363 691 4418 osi
714 4368 748 4434 11
754 4369 780 4434 ⁵2
785 4381 846 4420 aar
866 4381 887 4416 α
924 4361 1004 4417 onosi
1021 4367 1048 4413 11
1084 4378 1122 4415 an
1144 4360 1192 4415 boi
1209 4365 1320 4430 Hmury.

161 4449 211 4495 ,an
229 4433 321 4503 boys
353 4434 363 4502 11
394 4433 526 4489 arauiscis
545 4438 620 4487 11111
657 4404 824 4490 araniiciss

1072 4519 1109 4575 2*
