3046 4868
618 308 837 372 ..31-

155 470 236 553 equi,
259 489 327 533 uon
344 472 492 551 penalem
514 467 614 532 uietui
632 468 742 552 herba,
761 467 894 532 uestilui
912 467 1023 550 pelles,
1047 468 1151 531 cubile
1170 453 1300 532 humus:

155 577 244 640 solae
271 576 307 638 in
334 575 464 659 sagittis
494 597 581 659 spes,
614 597 693 658 quas
726 574 838 657 inopia
869 573 948 637 ferri
981 573 1109 637 ossibus
1142 578 1302 657 asperanl.

154 683 301 765 idemque
324 684 461 765 uenaius
485 682 575 745 uiros
598 682 721 764 pariter
746 702 784 745 ae
807 680 944 744 feminas
969 681 1040 763 alil3
1070 680 1193 762 passim
1216 681 1301 743 enim

155 790 351 854 comitantur
379 792 568 872 partemque
596 787 736 871 praedae
761 789 884 870 pelunt.
930 809 987 851 nee
1012 786 1099 850 aliud
1123 786 1301 850 infaulibus
1317 816 1342 854 ra

144 897 296 961 ferarum
325 896 540 978 imbriumque
569 895 744 979 suffugium
770 916 867 978 quam
890 896 927 957 ut
949 893 983 956 in
1007 894 1114 977 aliquo
1137 893 1302 957 ramorum

154 1025 238 1067 nexu
262 1005 489 1087 contegantur:
520 1002 584 1065 hue
608 1001 742 1067 redeunt
765 1004 910 1085 iuuenes,
937 1000 999 1064 hoc
1023 1022 1135 1064 senum
1158 1003 1301 1083 recepta-

156 1111 272 1175 culum.
319 1109 375 1173 sed
408 1108 534 1173 beaiius
567 1109 767 1172 arbitramur
799 1129 896 1190 quam
930 1107 1092 1192 ingemere
1121 1107 1223 1191 agris,
1255 1107 1302 1169 iu-

154 1217 303 1280 laborare
326 1215 485 1298 domibua
511 1236 586 1279 suas
611 1215 797 1299 alienasque
816 1213 964 1278 forlunas
988 1235 1043 1296 spe
1063 1216 1214 1296 metuque
1232 1235 1301 1276 uer·
1316 1241 1342 1279 ao

156 1345 237 1387 aare.
284 1322 388 1386 securi
416 1321 570 1385 aduersus
598 1321 760 1403 hemines,
795 1321 898 1386 securi
929 1320 1082 1384 aduersus
1111 1319 1201 1403 daea,
1234 1341 1303 1382 rem

156 1428 380 1493 difficillimam
396 1427 540 1492 adseculi
555 1431 639 1512 suni,
658 1431 695 1491 ui
709 1428 775 1491 illis
788 1449 828 1509 ue
847 1436 925 1492 ueto
945 1427 1073 1511 quidem
1092 1449 1172 1509 opus
1188 1429 1281 1490 esset.
1297 1420 1301 1509 l

158 1539 264 1599 cetera
286 1535 352 1598 iam
375 1533 530 1598 fabulosa.
563 1534 732 1599 Hellusios
756 1537 789 1598 et
806 1535 943 1599 Etionas
965 1556 1022 1598 ora
1044 1534 1211 1598 hominum
1235 1533 1302 1598 uol-

156 1644 285 1725 tusque,
319 1663 455 1723 corpora
484 1644 579 1724 alque
609 1644 699 1706 artus
728 1641 868 1706 ferarum
896 1662 1016 1726 gerere.
1063 1639 1149 1724 quod
1177 1661 1237 1724 ego
1266 1643 1303 1702 ul
1316 1667 1343 1706 24

157 1748 393 1830 incompertum
416 1747 451 1810 in
474 1747 616 1811 medium
639 1749 827 1832 relinquam.
979 1756 981 1761 '

231 1929 270 1978 14.
286 1923 344 1976 sole
358 1917 423 1974 111'
452 1921 542 1976 solas
565 1924 574 1992 l
597 1921 708 1990 sagittis
727 1939 769 1991 γα
798 1921 898 1991 sagitis
911 1925 936 1973 Η
958 1922 968 1989 ΙΙ
991 1921 1066 1991 apes]
1087 1938 1153 1988 opes
1174 1922 1277 1975 Meiser
1293 1921 1301 1990 ll

158 2000 200 2049 17.
219 1995 397 2062 imbriuq311
434 1993 623 2062 Ιιγωῦτὶυωίῃ
642 1989 696 2044 8Δ”
735 2010 764 2060 qa
782 1993 914 2046 imbrium
932 1996 957 2042 Η
987 1993 998 2060 ΙΙ
1029 1999 1070 2044 22.
1090 1991 1257 2046 difficillima
1274 1997 1302 2044 Μ

157 2064 313 2118 diffieilima
331 2070 373 2116 ΗΒ
410 2063 552 2121 difficilem
573 2083 595 2117 α
626 2066 636 2133 ΙΙ
667 2069 709 2117 23.
730 2062 837 2117 alienas
856 2060 949 2117 A'aur.
975 2063 1107 2116 Vaticani
1124 2067 1208 2118 2964.
1228 2067 1302 2117 4498

157 2136 306 2190 exionass
343 2135 458 2192 orionas
478 2153 498 2188 α
536 2135 650 2189 oxianaa
668 2141 696 2186 Μ
726 2136 736 2204 ΙΙ
767 2135 890 2202 uoltusqu
908 2129 947 2185 Δ”
984 2134 1108 2201 vultusqa
1126 2137 1171 2203 ny

229 2224 402 2279 CORNELII
430 2224 552 2279 TACITI
579 2224 627 2277 DE
662 2221 812 2277 ORIGINE
845 2223 893 2276 ΕΤ
926 2221 1007 2276 SITV
1042 2221 1302 2276 GERMANORVM

157 2295 267 2350 LIBER
285 2295 456 2349 EXPLICIT
475 2299 526 2346 ΗΔ
561 2295 638 2349 Finis
657 2298 701 2348 Ha
736 2295 935 2363 subscriptione
953 2298 1060 2347 eureis
