3046 4868
651 276 862 338 .-13-

186 432 310 514 primus
335 433 419 515 apud
442 432 622 516 principem
648 456 740 498 suum
763 434 867 518 loeus,
891 438 923 499 et
944 418 1140 519 principum,
1162 439 1166 514 Ι
1187 436 1239 499 eui
1261 438 1331 521 plu-

185 538 261 601 rimi
289 542 322 602 et
350 539 497 603 acerrimi
525 540 669 604 comites.
705 540 785 605 haec
814 540 969 625 dignitas,
996 542 1057 606 hae
1085 543 1185 627 uires,
1213 564 1331 627 magno

184 667 311 728 semper
334 646 509 710 electorum
532 646 686 710 iuuenum
711 647 808 730 globo
833 648 1040 732 circumdari,
1064 649 1098 712 in
1120 671 1200 733 pace
1224 651 1330 734 decus,
1345 680 1371 718 re

182 751 216 815 in
239 751 326 816 bello
350 752 555 836 praesidium.

270 857 340 923 Nee
360 860 465 923 solum
488 860 522 924 in
541 883 600 924 sua
623 862 719 945 gente
738 861 865 946 cuique,
889 862 945 925 sed
964 862 1050 945 apud
1073 863 1229 927 finitimas
1252 884 1329 947 quo·
1378 920 1385 931 .

183 986 243 1047 que
267 965 418 1053 ciuitates
441 965 474 1029 id
497 989 631 1051 nomen,
660 989 698 1031 ea
721 968 826 1052 gloria
852 971 914 1051 est,
938 969 965 1032 si
989 990 1124 1034 numero
1149 991 1186 1034 ac
1209 970 1330 1033 uirtute

181 1056 523 1137 comitatus'emineat.
1150 1146 1152 1150 Α
1343 1106 1369 1144 ro

268 1162 476 1262 Expetuntur
499 1180 585 1243 enim
609 1180 825 1264 legationibus
849 1184 882 1245 et
905 1181 1090 1246 muneribus
1117 1183 1274 1246 ornantur
1297 1186 1330 1246 et

181 1284 253 1367 ipsa
276 1285 465 1369 plerumque
488 1286 577 1350 fama
599 1286 686 1351 bella
708 1288 893 1372 profligant.
942 1289 993 1352 14.
1030 1286 1111 1352 (lum
1139 1291 1271 1353 uentum
1295 1290 1328 1352 in

181 1392 298 1473 aciem,
320 1393 414 1474 turpe
437 1392 577 1477 principi
600 1394 722 1458 uirtute
738 1394 841 1477 uinci,
863 1396 957 1476 turpe
981 1395 1150 1459 comitatui
1173 1396 1328 1459 uirtutem
1352 1427 1354 1430 ⁴

179 1498 337 1581 principis
360 1520 427 1563 non
450 1499 638 1584 adaequare.
659 1505 663 1579 1
683 1499 754 1564 lam
772 1523 849 1566 uero
872 1501 993 1565 infame
1016 1501 1050 1564 in
1074 1523 1209 1579 omnem
1225 1501 1327 1565 uitam

180 1627 217 1668 ac
245 1606 438 1689 probrosum
467 1607 673 1690 superstitem
706 1606 845 1692 principi
880 1629 938 1670 suo
972 1628 1011 1670 ex
1044 1607 1111 1670 acie
1143 1608 1355 1676 recessissem

178 1710 271 1774 illum
301 1711 486 1796 defendere,
517 1713 614 1796 tueri,
643 1736 702 1778 sua
731 1735 856 1798 quoque
879 1713 978 1777 fortia
1000 1714 1089 1778 facta
1112 1714 1234 1799 gloriae
1258 1715 1326 1779 eius

179 1819 349 1903 adsignare
372 1820 588 1903 praecipuum
607 1824 845 1886 sacramentum
874 1823 931 1885 est.

265 1925 431 2010 Principes
455 1947 515 2009 pro
538 1926 677 1991 uictoria
699 1931 859 2011 pugnant,
883 1927 1016 1991 comites
1039 1948 1097 2010 pro
1121 1929 1276 2012 principe.

267 2030 302 2096 Si
325 2033 455 2115 ciuitas,
478 2033 513 2096 in
537 2054 600 2116 qua
619 2033 682 2099 orti
702 2037 791 2117 sunt,
815 2034 915 2118 longa
937 2055 1016 2117 pace
1041 2035 1073 2097 et
1096 2033 1163 2097 otio
1187 2038 1352 2119 torpeat,c

177 2139 321 2223 plerique
348 2140 508 2205 nobilium
538 2140 790 2205 adulescentium
821 2142 935 2224 petunt
962 2141 1047 2204 ultro
1080 2161 1134 2203 eas
1166 2141 1330 2224 nationes,¹

178 2268 260 2330 quae
282 2249 352 2310 tum
373 2247 492 2311 bellum
517 2246 649 2330 aliquod
668 2249 798 2330 gerunt,
822 2247 899 2330 quia
918 2248 950 2310 et
973 2247 1103 2330 ingrata
1126 2247 1217 2330 genti
1235 2247 1325 2329 quies

177 2355 210 2416 et
238 2353 365 2418 facilius
390 2353 478 2417 inter
505 2353 660 2437 ancipitia
689 2353 870 2416 clarescunt
896 2373 1112 2436 magnumque
1137 2352 1325 2418 comitatum

176 2480 243 2523 non
260 2459 324 2523 nisi
343 2459 376 2523 ui
395 2461 544 2545 belloque
563 2464 682 2524 tueare.
703 2462 708 2538 Ι
728 2458 875 2544 Exigunt
894 2459 980 2523 enim
998 2458 1154 2542 principis
1174 2459 1223 2522 sui
1244 2459 1364 2523 libe-12

114 2584 118 2591 ·
176 2565 307 2630 ralitate
326 2567 419 2631 illum
437 2567 628 2632 bellatorem
647 2588 777 2650 equom,
800 2567 891 2630 illam
911 2567 1077 2631 cruentam
1096 2565 1325 2650 uictricemque

176 2671 341 2739 frameam.
382 2695 459 2738 nam
483 2673 596 2757 epulae
620 2676 665 2757 et,
695 2693 891 2755 quamquam
915 2672 1085 2754 incompti,
1108 2672 1193 2755 largi
1216 2675 1325 2735 tamen

176 2783 350 2861 apparatus
384 2800 443 2862 pro
474 2779 636 2862 stipendio
666 2779 796 2862 cedunt,
829 2779 964 2843 materia
995 2777 1234 2842 munificentiae
1267 2800 1325 2861 per

176 2884 262 2948 bella
285 2888 318 2949 et
340 2887 462 2968 raptus.
497 2906 558 2949 nee
578 2901 669 2950 arare
692 2889 814 2949 terram
838 2888 894 2949 aut
917 2886 1086 2968 expectare
1111 2907 1230 2949 annum
1253 2886 1323 2948 tam
1338 2914 1363 2952 1e

175 2990 270 3056 facile
302 2992 502 3074 persuaseris
536 3014 633 3076 quam
665 3013 781 3056 uocare
809 2990 938 3056 hostem
971 2994 1003 3054 et
1034 2992 1170 3062 uolnera
1198 2991 1323 3062 mereri,

174 3098 304 3183 pigrum
332 3098 411 3183 quin
437 3098 536 3164 immo
565 3102 599 3163 et
625 3099 711 3162 iners
740 3098 869 3163 uidetur
898 3098 1014 3162 sudore
1043 3096 1210 3181 adquirere
1238 3096 1323 3180 quod

174 3205 281 3287 possis
306 3205 462 3290 sanguine
481 3227 606 3289 parare.
631 3205 635 3288 Ι
670 3204 720 3269 15.
748 3203 904 3280 Quotiens
924 3203 1009 3267 bella
1025 3225 1092 3267 non
1115 3203 1235 3285 ineunt,
1257 3223 1323 3265 non

69 3347 80 3360 ·
175 3311 313 3375 multum
340 3311 528 3396 uenatibus,
554 3313 628 3395 plus
656 3334 714 3395 per
741 3311 843 3375 otium
871 3310 1057 3393 transigunt
1082 3308 1182 3372 dediti
1206 3329 1321 3372 somno

61 3471 66 3479 .
174 3416 323 3503 ciboque3
347 3417 546 3483 fortissimus
571 3418 706 3502 quisque
731 3439 768 3481 ae
787 3415 1052 3481 bellicosissimus
1075 3415 1157 3479 nihil
1182 3436 1295 3500 agens,
1313 3411 1323 3501 ll

174 3522 324 3608 delegata
351 3523 466 3588 domus
495 3528 528 3588 et
554 3524 720 3607 penatium
749 3528 782 3587 et
810 3543 963 3607 agrorum
990 3544 1067 3586 cura
1084 3521 1214 3586 feminis
1240 3521 1349 3587 seni-4

115 3653 118 3657 ²
172 3629 298 3714 busque
316 3634 349 3694 et
371 3631 594 3695 infirmissimo
613 3632 729 3716 cuique
749 3653 787 3695 ex
810 3628 950 3712 familia3
969 3626 978 3715 Η
996 3629 1060 3711 ipsi
1082 3628 1216 3710 hebent,
1238 3627 1332 3690 mira*

246 3881 288 3930 14.
311 3876 469 3946 principum
492 3881 558 3930 Hsa
600 3875 769 3945 principium
792 3879 885 3940 fluor..
903 3880 930 3927 H
961 3875 971 3944 u
1004 3879 1045 3930 15.
1067 3878 1131 3941 poet
1153 3873 1226 3927 vires
1249 3889 1320 3941 paa-

175 3951 247 4001 otmn
265 3952 291 3999 11

149 4011 151 4015 ’
243 4020 289 4071 14.
326 4026 352 4073 3.
376 4017 480 4072 infame
503 4018 546 4089 in]
569 4018 703 4073 infamem
721 4022 776 4089 1118
808 4019 818 4087 ss
849 4023 874 4072 4.
899 4015 1079 4085 superstitem
1102 4013 1236 4084 principi]
1256 4031 1319 4084 sup-

172 4088 246 4143 stite
264 4088 389 4158 principe
408 4094 433 4141 Η
462 4089 473 4157 l
505 4097 528 4144 5.
553 4089 613 4144 eiua
631 4094 694 4159 Hya
730 4088 786 4158 §A
818 4089 827 4157 ss
859 4096 883 4143 9.
908 4086 1129 4141 adulescentium
1146 4085 1320 4139 Harlca'aaas

113 4204 115 4209 .
173 4159 393 4215 adolescentium
411 4158 467 4211 ΗΚ
505 4160 729 4215 adolescencium
747 4167 774 4214 H
811 4158 1019 4214 adeleseeeius
1057 4156 1237 4210 adolescenti
1256 4173 1274 4209 o
1310 4155 1319 4227 Η

175 4235 216 4284 12.
234 4232 330 4285 tueare
349 4236 416 4300 Hya
452 4232 566 4284 tuentur
585 4227 614 4283 A'
640 4233 649 4300 ΙΙ
676 4230 810 4300 principis
829 4248 871 4300 γα
907 4227 1046 4298 principes
1065 4232 1090 4279 11
1117 4228 1126 4296 {l
1156 4233 1196 4281 13.
1217 4243 1317 4294 equom

172 4306 199 4352 Π
236 4318 338 4370 equum
356 4307 422 4354 an
454 4303 464 4370 ΙΙ
496 4307 538 4355 17.
558 4303 674 4356 uolnera
692 4307 715 4354 A
751 4303 867 4356 vulnera
886 4305 943 4354 cett.

243 4373 289 4425 15.
326 4378 351 4427 5.
370 4373 476 4427 hebent
494 4377 534 4424 ΒΔ
571 4373 655 4426 abent
672 4377 698 4424 11
733 4372 821 4428 habet
839 4378 866 4424 Η
903 4371 1033 4424 habitant
1051 4388 1069 4422 a
