3046 4868
634 305 850 368 -1g..

260 465 312 528 24.
343 463 451 527 Genus
467 461 725 545 spectaculorum
740 485 840 527 unum
855 469 951 548 atque
965 467 999 529 in
1014 468 1102 532 omni
1116 470 1208 534 coetu
1222 467 1317 532 idem.

112 644 116 650 .
169 571 247 635 nudi
271 570 417 651 iuuenes,
440 567 557 652 quibus
581 567 614 631 id
636 565 795 632 ludicrum
820 572 882 651 est,
905 570 990 632 inter
1013 573 1139 654 gladios
1163 596 1196 638 se
1220 575 1316 657 atque

171 677 305 740 infestas
328 675 467 738 frameas
488 674 572 737 saltu
595 672 727 737 iaciunt.
764 674 950 738 exercitatio
971 678 1073 740 artem
1096 680 1239 762 parauit,
1264 700 1316 742 ars

171 783 330 865 decorem,
358 801 425 843 non
452 778 487 842 in
514 781 684 862 quaestum
716 780 827 842 tamen
855 781 911 843 aut
943 781 1136 846 mercedem:
1168 786 1345 866 quamuisr

171 886 301 951 audacis
324 884 479 948 lasciuiae
501 883 642 967 pretium
664 886 714 949 est
736 886 886 968 uoluptas
909 888 1155 970 expectantium.

260 992 389 1075 Aleam,
417 991 503 1076 quod
530 991 659 1074 mirere,
689 993 790 1056 sobrii
818 992 901 1057 inter
928 994 1012 1058 seria
1035 996 1195 1077 exercent,
1222 997 1316 1058 tanta

170 1099 315 1164 lucrandi
345 1096 540 1183 perdendiue
567 1098 764 1181 temeritate,
794 1102 844 1183 ut,
876 1121 949 1163 cum
982 1101 1091 1165 omnia
1123 1101 1315 1184 defecerunt,

171 1210 314 1270 extremo
344 1226 381 1269 ac
407 1203 586 1268 nouissimo
615 1203 701 1267 iactu
727 1203 765 1266 de
787 1204 939 1269 libertate
964 1227 1000 1270 ao
1024 1206 1062 1270 de
1086 1227 1221 1290 corpore
1245 1228 1344 1271 con-s

170 1312 313 1376 tendant.
338 1310 444 1375 uictus
459 1309 679 1374 uoluntariam
694 1309 885 1374 seruitutem
899 1311 980 1375 adit:
1001 1314 1149 1396 quamuis
1163 1313 1319 1396 iuuenior,

172 1418 319 1503 quamuis
338 1417 516 1499 robustior,
542 1417 669 1501 alligari
689 1439 722 1480 se
742 1439 778 1481 ac
798 1417 907 1481 uenire
926 1419 1059 1500 patitur.
1097 1440 1134 1482 ea
1158 1422 1208 1484 est
1231 1419 1266 1483 in
1287 1441 1320 1482 re

173 1546 275 1609 praua
297 1524 492 1609 peruicacia:
515 1525 578 1607 ipsi
597 1524 693 1588 fidem
713 1527 841 1588 uocant.
878 1545 988 1589 seruos
1008 1525 1203 1590 condicionis
1222 1524 1320 1590 huius

172 1655 230 1716 per
257 1631 450 1696 commercia
477 1630 623 1714 tradunt,
651 1632 688 1694 ut
716 1652 750 1693 se
779 1652 905 1715 quoque
933 1630 1056 1713 pudore
1082 1632 1238 1695 uictoriae
1271 1653 1361 1694 ex-1a

146 1726 312 1804 'soluant
357 1737 409 1802 25.
442 1734 564 1800 Ceteris
585 1737 686 1801 seruis
705 1759 772 1800 non
789 1737 824 1800 in
841 1740 991 1801 nostrum
1010 1760 1132 1802 morem
1150 1738 1321 1821 descriptis

172 1867 231 1927 per
252 1844 411 1909 familiam
435 1843 623 1907 ministeriis
646 1846 794 1907 utuntur:
824 1867 916 1908 suam
944 1844 1076 1929 quisque
1100 1845 1222 1929 sedem,
1246 1867 1321 1910 suos

172 1953 299 2036 penatis
318 1951 418 2036 regit3
438 1950 592 2013 frumenti
611 1949 742 2014 modum
762 1949 910 2015 dominus
931 1954 987 2015 aut
1004 1952 1131 2034 pecoris
1151 1954 1208 2015 aut
1220 1951 1321 2016 uestis

173 2062 211 2122 ut
234 2059 348 2124 colono
377 2057 529 2141 inmugit,
558 2059 591 2120 et
619 2079 731 2120 seruus
757 2055 915 2121 haetenus
939 2059 1040 2140 paret.
1077 2061 1183 2121 cetera
1207 2057 1349 2121 domusr

174 2165 283 2231 officia
311 2187 391 2230 uxor
421 2186 458 2227 ao
482 2163 576 2227 liberi
600 2165 808 2248 exequuntur.
844 2163 1016 2227 uerberare
1040 2185 1170 2227 seruum
1193 2186 1229 2227 ac
1253 2165 1322 2227 uin-

175 2273 255 2338 culis
287 2277 320 2336 et
348 2292 444 2355 opere
473 2269 642 2335 cohercere
669 2292 792 2334 rarum:
825 2269 969 2335 occidere
993 2271 1112 2356 solent,
1139 2293 1206 2335 non
1230 2270 1323 2335 disci-

174 2381 263 2462 plina
282 2382 315 2442 et
329 2377 516 2461 seueritate,
541 2377 597 2441 sed
619 2376 742 2460 impetu
762 2380 794 2440 et
812 2378 874 2461 ira,
897 2380 934 2440 ut
951 2377 1132 2462 inimicum,
1154 2377 1219 2442 nisi
1237 2377 1324 2460 quod

174 2485 305 2568 impune
330 2485 388 2548 est.
1337 2510 1351 2548 a

264 2589 391 2654 Liberti
409 2610 476 2654 non
494 2589 631 2653 multum
652 2611 749 2673 supra
768 2611 879 2654 seruos
900 2592 989 2654 sunt:
1012 2594 1085 2654 iero
1105 2590 1234 2675 aliquod
1256 2612 1323 2655 mo·

175 2701 322 2762 mentum
339 2697 374 2761 in
393 2696 502 2780 domo,
526 2718 702 2780 numquam
720 2695 755 2758 in
773 2695 921 2780 ciuitate,
945 2697 1086 2780 exceptis
1106 2697 1276 2761 dumtaxat
1295 2697 1324 2760 is

176 2805 328 2889 gentibus
348 2824 430 2887 quae
449 2805 635 2886 regnantur.
666 2802 713 2866 ibi
734 2804 820 2867 enim
840 2806 873 2867 et
887 2826 984 2887 super
998 2804 1156 2888 ingenuos
1177 2805 1209 2866 et
1229 2825 1325 2886 super

176 2911 301 2975 nobiles
331 2908 522 2973 ascendunt:
551 2907 636 2990 apud
664 2911 787 2973 ceteros
814 2909 955 2992 impares
986 2909 1131 2974 libertini
1162 2909 1324 2974 libertatis
1340 2934 1366 2973 ιε

178 3019 407 3100 argumentum
429 3018 513 3078 sunt.

266 3124 319 3187 26.
348 3121 476 3186 Faenus
497 3122 621 3206 agitare
636 3123 668 3185 et
686 3121 721 3187 in
735 3145 850 3187 usuras
868 3123 1037 3187 extendere
1056 3123 1218 3207 ignotum,
1239 3123 1325 3187 ideo-

177 3253 238 3317 que
252 3231 359 3315 magis
379 3231 539 3312 seruatur,
562 3250 660 3313 quam
684 3229 711 3292 si
726 3230 863 3293 uetitum
887 3232 979 3294 esset.
1016 3230 1087 3314 agri
1109 3252 1167 3312 pro
1190 3250 1325 3294 numero

177 3317 340 3401 cultorum
368 3336 408 3400 ab
437 3335 597 3399 uniuersis
626 3335 697 3399 uice
727 3340 939 3421 occupantur3
968 3359 1047 3420 quos
1076 3358 1153 3400 mox
1179 3336 1264 3399 inter
1292 3357 1326 3400 se

179 3442 353 3507 secundum
374 3441 597 3524 dignationem
619 3418 819 3524 partiuntur,
841 3442 1032 3506 facilitatem
1056 3440 1218 3525 partiendi
1241 3462 1356 3510 cam-4

177 3571 294 3633 porum
318 3547 425 3632 spatia
447 3533 612 3630 praebent.
650 3568 727 3609 arua
750 3568 808 3631 per
831 3569 934 3612 annos
958 3549 1100 3631 mutant,
1124 3552 1157 3612 et
1180 3549 1328 3631 superest

250 3744 301 3796 24.
342 3747 367 3798 3.
396 3740 483 3812 saltu]
510 3757 539 3794 se
564 3745 632 3810 Hpr.
669 3740 679 3809 ΙΙ
715 3746 739 3794 5.
768 3742 975 3810 expectantium
1002 3746 1051 3794 HA
1097 3739 1279 3812 expectancir'r
1307 3757 1328 3810 γ

180 3813 368 3938 iminium
387 3830 405 3866 a
435 3812 446 3880 11
478 3817 519 3866 11.
538 3828 627 3880 praua
644 3816 725 3881 H,ya
766 3829 854 3882 parua
872 3818 906 3883 Η1
941 3816 950 3884 ΙΙ
983 3819 1025 3866 12.
1045 3813 1173 3867 exsoluit
1190 3817 1232 3864 Hs
1281 3828 1327 3865 ex-

181 3902 264 3940 ouan
325 3902 346 3937 α

251 3956 302 4009 25.
338 3961 362 4010 2.
377 3953 538 4022 ministeriis
557 3958 621 4023 Hya
657 3952 791 4008 ministris
806 3950 835 4006 A'
865 3957 875 4025 ss
901 3954 1084 4024 aparctias
1119 3958 1236 4024 penates
1250 3948 1324 4006 ΗΒΕ

180 4045 267 4097 penas
285 4032 313 4079 Μ
334 4027 344 4096 ΙΙ
366 4032 391 4082 4.
412 4027 443 4078 ut
459 4028 501 4076 ΗΒ
534 4027 583 4079 aut
600 4031 649 4079 Ha
672 4026 682 4095 ΙΙ
705 4031 729 4081 5.
749 4043 782 4079 ac
800 4025 882 4080 liberi
901 4044 922 4079 α
955 4030 984 4080 et
1001 4025 1121 4095 liberiy
1143 4029 1153 4096 l
1175 4043 1222 4080 uc.
1238 4031 1327 4079 9-13

180 4101 211 4152 in
230 4104 346 4153 estremo
361 4098 448 4165 capite
462 4101 502 4152 26
518 4102 580 4166 post
597 4096 762 4166 ignorantur
780 4098 812 4150 ic
825 4093 854 4149 A'
879 4097 889 4166 ΙΙ
912 4103 954 4151 10.
973 4097 997 4151 is
1016 4099 1056 4153 ed.
1077 4097 1172 4152 Vicae.
1187 4101 1260 4152 1515
1292 4095 1328 4150 iis

182 4188 203 4223 α
239 4169 284 4224 his
302 4172 328 4221 Η
363 4168 453 4237 hisp
484 4169 493 4236 ΙΙ
526 4174 567 4221 11.
586 4169 738 4238 regnantur
757 4173 796 4222 θα
832 4169 951 4236 regnant
968 4173 1021 4221 111

253 4243 304 4294 26.
341 4246 365 4295 3.
390 4239 452 4292 vice
470 4242 496 4289 Η
531 4240 648 4308 vicesy
693 4237 723 4292 in
746 4239 821 4293 uices
844 4235 883 4292 A''
917 4240 927 4309 ΙΙ
957 4247 982 4294 4.
1007 4237 1199 4309 dignationem
1223 4257 1244 4293 a
1286 4238 1327 4293 di·

181 4311 346 4380 gnacionem
364 4314 417 4362 rm
453 4309 588 4377 dignoss
615 4313 624 4381 ΙΙ
647 4317 671 4365 5.
690 4311 759 4381 pbet
776 4316 802 4363 Η
837 4312 957 4381 prebent
969 4316 1067 4382 muer.
1104 4312 1229 4378 patants
1267 4326 1329 4379 pre·

181 4417 255 4472 stant
272 4413 329 4470 xx
362 4418 372 4487 ιι
404 4391 445 4488 a]
465 4385 495 4471 el
511 4421 537 4468 11
