3046 4868
686 268 900 331 ,10-

222 425 308 489 tibus
337 411 478 491 credunt.
528 426 714 511 effigiesque
743 432 776 491 et
803 428 897 512 signa
924 427 1083 512 quaedam
1112 428 1256 492 detracta
1284 428 1393 494 luciss

222 533 257 596 in
271 532 428 614 proelium
444 532 560 597 ferunt.
584 533 731 617 quodque
745 532 953 615 praecipuum
967 534 1169 600 fortitudinis
1179 536 1365 598 incitamen

222 623 292 701 tum
319 643 380 722 est,
414 661 479 703 non
517 661 610 703 casus
639 661 698 703 nec
729 639 865 703 fortuita
898 640 1103 724 conglobatio
1134 645 1276 706 turmam
1310 646 1367 706 aut·

223 767 358 810 cuneum
380 748 473 830 facit,
501 747 557 811 sed
584 746 727 810 familiae
751 750 783 810 et
805 747 1062 830 propinquitates
1098 752 1131 811 et
1157 749 1191 811 in
1218 749 1365 831 proximo

222 852 373 936 pignora,
401 854 484 917 unde
511 854 704 918 feminarum
723 845 865 918 ululatus
890 854 1029 938 auditur,
1057 854 1141 919 unde
1165 857 1293 940 uagitus
1317 857 1366 919 in·
1380 884 1405 920 1:

221 959 369 1026 fantium.
393 960 440 1023 ¹hi
464 960 578 1043 cuique
602 959 799 1023 sanctissimi
822 964 932 1043 testes,
955 961 990 1023 hi
1014 961 1146 1024 maximi
1168 960 1367 1035 laudatores:

224 1067 264 1131 ad
287 1069 415 1144 matres,
439 1066 480 1130 ad
499 1067 650 1150 coniuges
669 1066 803 1129 uolnera
825 1065 946 1149 ferunt3
969 1088 1029 1130 nec
1052 1067 1128 1131 illae
1147 1091 1316 1132 numerare
1327 1072 1368 1131 -et

222 1175 349 1258 exigere
377 1174 492 1258 plagas
521 1177 654 1256 pauent,
686 1173 837 1255 cibosque
871 1176 902 1236 et
933 1162 1130 1238 hortamina
1146 1174 1366 1259 pugnantibus

134 1342 142 1353 ,
222 1282 361 1364 gestant.
382 1283 386 1358 1
408 1282 436 1344 8.
467 1279 642 1343 Memoriae
665 1278 812 1362 proditur
831 1278 986 1362 quasdam
1005 1279 1089 1343 acies
1109 1280 1280 1344 inclinatas
1301 1281 1366 1344 iam

221 1390 253 1451 et
278 1386 425 1450 labantes
450 1410 468 1451 a
491 1385 619 1449 feminis
643 1386 811 1449 restitutas
831 1387 1014 1450 constantia
1035 1408 1166 1471 precum
1185 1391 1218 1451 et
1237 1388 1365 1453 obiectu

106 1569 117 1577 ι
220 1497 386 1576 pectorum
407 1497 439 1557 ct
457 1493 835 1567 monstratacomminus
855 1493 1051 1576 captiuitate,
1074 1516 1171 1577 quam
1192 1496 1289 1578 longe
1307 1495 1366 1558 inr-

203 1596 204 1600 ’
219 1600 394 1686 patientius
409 1599 601 1663 feminarum
617 1594 747 1662 suarum
761 1598 891 1662 nomine
905 1599 1030 1683 timent,
1050 1601 1129 1665 adeo
1149 1603 1186 1664 ut
1204 1601 1364 1665 efficacius
1380 1627 1394 1664 4

220 1707 405 1792 obligentur
429 1706 529 1769 animi
552 1705 731 1789 ciuitatum,
754 1705 870 1789 quibus
889 1706 973 1768 inter
992 1707 1119 1771 obsides
1142 1707 1268 1790 puellae
1288 1730 1367 1791 quo·

221 1836 281 1897 que
305 1813 430 1877 nobiles
454 1812 661 1894 imperantur.
1194 1801 1198 1805 ’

309 1919 418 1982 Inesse
447 1919 524 2002 quin
548 1919 646 1981 etiam
670 1921 816 1982 sanctum
840 1918 962 2001 aliquid
986 1921 1018 1982 et
1045 1920 1216 2002 prouidum
1237 1925 1366 2018 putant,

219 2048 278 2090 nec
306 2028 362 2088 aut
389 2024 524 2089 consilia
547 2046 657 2088 earum
682 2029 896 2108 aspernantur
919 2029 976 2089 aut
1000 2047 1155 2110 responsa
1178 2029 1392 2113 neglegunts

220 2132 358 2198 uidimus
383 2133 442 2196 sub
466 2131 540 2195 diuo
565 2130 767 2214 Vespasiano
788 2131 979 2215 Veloedam,
1008 2132 1062 2196 diu
1086 2133 1172 2216 apud
1194 2136 1365 2220 plerosque

220 2241 362 2305 numinis
390 2241 460 2304 loco
489 2239 648 2324 habitam3
677 2239 732 2306 sed
760 2241 793 2302 et
821 2239 898 2302 olim
921 2238 1103 2304 Albraaam
1124 2244 1162 2323 ‚et
1189 2243 1365 2325 compluris

221 2348 301 2412 alias
316 2347 462 2412 uenerati
482 2349 565 2431 sunt,
582 2367 649 2409 non
669 2345 852 2411 adulatione
866 2367 924 2410 nec
938 2350 1104 2429 tamquam
1119 2347 1262 2411 facerent
1281 2347 1366 2412 deas.

311 2455 340 2519 9.
372 2454 515 2519 Deorum
539 2454 678 2517 maxime
696 2451 891 2536 Mercurium
916 2453 1036 2535 colunt,
1059 2453 1110 2517 cui
1134 2453 1229 2517 certis
1254 2455 1365 2518 diebus

172 2567 174 2570 ’
220 2561 371 2625 humanis
396 2583 520 2645 quoquc
544 2559 661 2624 hostiis
685 2559 778 2622 litare
801 2561 852 2624 fas
876 2559 1007 2623 habent.

309 2668 481 2732 Herculem
505 2689 542 2731 ac
564 2667 704 2731 Martem
728 2667 888 2731 concessis
912 2666 1107 2730 animalibus
1130 2668 1272 2750 placant.

231 2832 233 2836 .
309 2775 389 2839 Pars
414 2773 588 2839 Sueborum
612 2778 645 2838 ct
667 2773 745 2836 Isidi
770 2773 938 2838 sacrificat.
1374 2797 1388 2835 4

309 2880 402 2945 Vnde
429 2903 527 2944 causa
556 2884 588 2944 et
616 2881 707 2965 origo
735 2879 906 2964 peregrino
935 2902 1040 2963 sacm,
1072 2902 1187 2962 parum
1215 2885 1366 2968 comperi,

219 2988 283 3051 nisi
306 2989 391 3072 quod
415 2988 544 3069 signum
567 2986 674 3071 ipsum
697 2987 732 3050 in
750 2986 882 3050 modum
905 2986 1052 3050 liburnae
1075 2986 1251 3070 figuratum
1273 2989 1367 3053 docet

221 3094 336 3159 aduect
322 3099 389 3159 tam
412 3094 612 3178 religionem.
686 3089 689 3096 ’

310 3199 460 3266 Ceterum
469 3201 685 3279 neccohibere
694 3201 801 3285 pariet
786 3200 875 3264 tibus
886 3200 1223 3284 deosnequeinullam
1231 3201 1392 3265 humanis

112 3348 117 3356 ·
221 3310 285 3374 oris
301 3310 440 3393 speciem
455 3308 645 3373 assimulare
660 3330 699 3372 ex
713 3311 838 3393 magnit
815 3307 936 3371 tudine
952 3307 1139 3372 caelestium
1155 3308 1365 3373 arbitrantur

309 3415 414 3481 Lucos
434 3438 470 3481 ac
483 3437 617 3479 nemora
631 3417 819 3479 consecrant
837 3414 1033 3497 deorumque
1052 3413 1237 3478 nominibus
1257 3414 1365 3496 appel-

221 3523 291 3587 lant
314 3527 474 3587 secretum
496 3522 578 3586 illud
602 3522 688 3607 quod
711 3521 781 3585 sola
803 3520 984 3584 reuerentia
1007 3520 1127 3584 uident.

313 3631 361 3694 10.
395 3629 550 3712 Auspicia
573 3632 740 3711 sortesque
762 3632 799 3691 ut
823 3627 877 3710 qui
900 3627 1039 3691 maxime
1066 3628 1248 3692 obseruant.
1273 3627 1277 3710 1
1299 3650 1365 3692 sor-

292 3813 316 3861 8.
336 3807 376 3878 et]
396 3823 429 3859 ac
447 3811 473 3857 11
503 3808 513 3875 11
546 3811 586 3860 10.
605 3822 662 3858 non
681 3813 760 3858 casus
779 3805 820 3858 bis
838 3809 863 3856 Η
889 3806 899 3874 11
928 3810 969 3858 11.
989 3809 1018 3858 et
1036 3821 1117 3872 prop:
1137 3820 1200 3886 γα
1212 3803 1262 3855 aut
1282 3818 1364 3870 prop:

220 3874 248 3930 A'
283 3879 293 3948 11
325 3884 366 3931 12
386 3877 499 3930 aud1tur
511 3876 674 3945 Nipperdey
719 3876 809 3928 audiri
823 3877 898 3930 codd.
927 3877 937 3944 11
970 3881 1010 3928 14.
1030 3875 1145 3928 uolnera
1163 3868 1200 3925 A''
1249 3874 1365 3927 uulnera

221 3955 279 4005 cett.
348 3950 377 4002 ct
395 3953 420 3999 Η
476 3952 526 4000 aut
545 3965 566 4000 α

261 3950 344 4074 St
356 4027 381 4074 3.
406 3966 615 4073 ciimminus⁰
578 4013 615 4069 A''
656 4017 780 4070 cominus
805 4021 861 4070 cett.
894 4019 904 4085 11
936 4023 959 4072 8.
984 4016 1139 4098 neglegunt
1156 4020 1179 4067 A
1215 4032 1271 4068 nco
1252 4015 1364 4083 ligunt

221 4098 278 4146 cett.
306 4093 315 4161 11
344 4098 384 4145 10.
400 4091 555 4143 Albrunam
575 4089 657 4142 Wua
679 4088 873 4156 Wackernapcl
910 4087 1057 4141 albriniam
1072 4081 1189 4155 A'marp.
1227 4085 1362 4140 auriniam

222 4167 286 4216 Hsa
324 4161 460 4227 auariniaa
478 4166 505 4213 M
536 4163 546 4230 11
577 4160 641 4228 cop
642 4177 698 4212 uris
717 4176 738 4211 α
776 4159 931 4227 complures
951 4163 1009 4212 cett.

293 4237 323 4286 9.
360 4241 384 4289 3
412 4232 561 4285 Herculem
589 4230 719 4313 (Hercule
746 4233 784 4298 n)
809 4247 842 4284 ac
864 4235 909 4299 ny
963 4229 1111 4282 Herculem
1136 4231 1165 4281 et
1187 4246 1205 4280 a
1228 4244 1302 4280 ornas
1332 4222 1361 4279 A'

222 4303 346 4373 placant]
366 4303 481 4387 placant
500 4305 528 4356 ct
545 4302 657 4356 hercule
677 4297 705 4353 A'
740 4302 804 4369 114
807 4318 979 4355 ¹suenorum
998 4305 1061 4370 Hya
1107 4304 1225 4353 suenoni
1244 4302 1267 4349 A
1298 4299 1308 4366 11
1340 4305 1364 4352 9

222 4375 370 4431 assimular
384 4371 412 4427 A'
452 4375 568 4430 assilare
588 4380 604 4428 8
629 4372 782 4428 assimilare
800 4377 846 4426 lto
