3046 4868
691 299 913 360 -12-·

317 457 490 522 Silentium
512 480 571 542 per
594 456 790 539 sacerdotes,
820 457 936 541 quibus
962 459 1032 520 tum
1056 460 1088 520 et
1110 457 1301 523 cohercendi
1323 460 1413 524 111611

227 568 290 648 est,
317 565 503 648 imperatur.
545 587 619 628 mox
647 586 703 627 rex
730 564 783 627 uel
811 563 973 647 princeps,
1001 567 1099 647 prout
1127 567 1216 628 aetas
1251 567 1374 652 cuique,

225 675 323 756 prout
353 655 523 755 nobilitaS,
556 674 654 755 prout
688 670 784 735 decus
813 670 985 752 bellorum,
1013 674 1112 754 prout
1136 670 1288 737 facundia
1315 679 1373 758 est,

227 777 415 859 audiuntur,
434 777 626 842 auctoritate
646 777 802 859 suadendi
816 777 921 862 magis
937 797 1034 861 quam
1051 777 1183 842 iubendi
1201 782 1373 861 potestate.

228 884 255 946 si
278 883 442 966 displicuit
465 885 641 968 sententia,
661 884 799 959 ‚fremitu
824 885 1051 970 aspernantur3
1079 885 1130 948 sin
1152 885 1287 970 placuit,
1309 887 1371 952 fra-
1388 907 1413 945 re

226 1012 315 1054 meas
339 991 540 1055 concutiunt:
566 993 570 1068 1
595 980 883 1056 honoratissimum
904 1011 1053 1055 assensus
1077 1012 1179 1076 genus
1201 995 1251 1055 est
1274 994 1373 1058 armis

226 1096 367 1161 laudare.
392 1102 397 1176 1
426 1098 476 1162 12.
508 1097 600 1163 Licet
626 1097 711 1180 apud
735 1096 906 1161 concilium
931 1118 1082 1161 accusare
1105 1120 1232 1182 quoque
1255 1102 1288 1162 et
1310 1099 1372 1163 dis-

227 1204 348 1268 crimen
376 1204 492 1288 capitis
519 1203 695 1268 intendere.
737 1203 903 1269 distinctio
933 1225 1111 1288 poenarum
1139 1227 1178 1269 611
1210 1204 1336 1270 delicto.
1365 1191 1370 1282 l

225 1311 408 1394 proditores
437 1316 470 1376 et
497 1311 684 1395 transfugas
714 1310 882 1375 arboribus
907 1311 1120 1395 suspendunt,
1139 1302 1150 1391 l
1174 1312 1311 1396 ignauos
1340 1316 1373 1376 et

225 1418 361 1482 inbelles
385 1421 419 1481 et
441 1440 573 1502 corpore
596 1417 733 1481 infames
758 1438 858 1482 caeno
883 1439 920 1481 ae
943 1417 1074 1500 palude,
1098 1418 1216 1482 iniecta
1239 1406 1398 1503 insuperr

226 1528 326 1608 crate,
355 1527 514 1608 mergunt.
555 1510 726 1588 diuersitas
755 1523 906 1607 supplicii
934 1523 1011 1587 illuc
1034 1524 1180 1608 respicit,
1202 1528 1401 1615 tamquam

225 1633 347 1697 scelera
375 1633 501 1698 ostendi
529 1634 692 1716 oporteat,
725 1629 801 1694 dum
829 1631 1020 1714 puniuntur,
1051 1631 1177 1715 flagitia
1205 1632 1369 1697 abscondi.

315 1738 377 1804 sed
405 1743 438 1804 et
461 1739 639 1804 lenioribus
663 1737 791 1801 delictis
809 1760 868 1822 pro
893 1738 989 1802 modo
1012 1753 1190 1822 poenarum
1214 1761 1368 1823 equorum

224 1868 438 1930 pecorumque
457 1868 591 1929 numero
611 1844 752 1910 conuicti
771 1846 959 1909 multantur.
995 1867 1072 1928 pars
1091 1846 1210 1910 multae
1229 1847 1299 1930 regi
1316 1847 1395 1911 uela

149 1971 152 1976 ·
225 1952 364 2036 ciuitati,
377 1933 468 2036 'pars
496 1953 574 2037 ipsi,
603 1952 657 2036 qui
681 1951 878 2036 uindicatur,
901 1953 953 2016 uel
976 1951 1166 2035 propinquis
1190 1953 1258 2017 eius
1283 1955 1368 2017 exol-

215 2059 320 2140 „uitur
341 2063 346 2139 l
367 2060 530 2144 eliguntur
552 2060 587 2123 in
605 2059 713 2124 ¹isdem
732 2058 879 2123 conciliis
898 2062 931 2123 et
948 2058 1125 2142 principes,
1148 2060 1203 2142 qui
1221 2061 1293 2124 iura
1311 2082 1369 2143 per

223 2186 325 2250 pagos
353 2167 505 2250 uicosque
533 2166 683 2248 reddunt,
716 2165 841 2229 centeni
870 2164 1006 2249 singulis
1031 2186 1072 2253 ex
1103 2165 1200 2247 plebe
1233 2167 1367 2230 comites

224 2272 395 2337 consilium
415 2273 511 2337 simul
530 2277 562 2336 et
582 2271 760 2337 auctoritas
775 2272 905 2336 adsunt.
944 2272 994 2336 13.
1026 2270 1119 2336 Nihil
1138 2274 1247 2337 autem
1265 2295 1368 2357 neque
1475 2360 1476 2363 Ἴ

224 2380 373 2463 publicae
401 2401 504 2464 neque
536 2381 683 2464 priuatae
713 2379 760 2442 161
788 2378 851 2443 nisi
883 2379 1007 2442 armati*
1033 2383 1143 2464 agunt.
1189 2379 1245 2444 sed
1262 2362 1369 2468 ¹arma
1506 2370 1511 2381 ’

129 2571 130 2574 ¹
224 2507 349 2549 sumere
376 2509 443 2550 non
471 2490 546 2551 ante
574 2487 723 2570 cuiquam
750 2485 850 2550 moris
883 2507 981 2570 quam
1013 2485 1129 2550 ciuitas
1162 2487 1369 2551 suffecturum

222 2593 419 2677 probauerit.
461 2597 531 2658 tum
557 2595 593 2658 in
619 2594 692 2677 ipso
722 2593 857 2658 concilio
886 2593 938 2657 uel
966 2592 1148 2677 principum
1171 2593 1288 2677 aliquis
1315 2595 1395 2657 11614

223 2704 316 2783 pater
338 2701 391 2765 uel
413 2701 615 2785 propinquus
639 2703 730 2764 scuto
753 2698 939 2783 frameaque
962 2700 1110 2763 iuuenem
1135 2703 1265 2764 ornant:
1287 2699 1367 2763 haec

222 2807 307 2890 apud
329 2807 406 2871 illos
429 2810 522 2890 toga,
544 2807 597 2870 hic
620 2807 743 2889 primus
757 2806 913 2870 'iuuentae
931 2804 1050 2887 honos,
1074 2805 1231 2870 antehoc
1252 2805 1367 2870 domus

220 2934 296 2996 pars
319 2913 481 2996 uidentur,
504 2936 579 2978 mox
601 2913 648 2976 rei
670 2913 826 2996 publicae.

311 3019 453 3104 insignis
480 3020 635 3085 nobilitas
665 3022 720 3083 aut
752 3040 871 3104 magna
902 3022 1032 3102 patrum
1064 3019 1181 3082 merita
1211 3018 1394 3102 principise

223 3125 444 3210 dignationem
468 3127 567 3191 etiam
591 3125 840 3190 adulescentulis
865 3125 1046 3210 assignant:
1070 3126 1184 3190 ceteris
1207 3125 1367 3190 robustio-

221 3234 311 3298 ribus
341 3256 377 3298 ac
405 3233 596 3317 iampridem
624 3232 770 3316 probatis
799 3232 1030 3317 adgregantur,
1061 3253 1126 3296 nec·
1150 3232 1250 3297 rubor
1281 3231 1368 3296 inter

221 3340 355 3404 comites
378 3340 487 3424 aspici.
1067 3408 1072 3416 ,
1255 3406 1261 3418 ,

225 3465 229 3473 ’
311 3444 438 3511 Gradus
469 3447 548 3530 quin
580 3446 679 3510 etiam
708 3447 779 3530 ipse
811 3446 982 3510 comitatus
1015 3445 1116 3509 habet
1147 3445 1264 3510 iudicio
1298 3447 1366 3512 eius
1381 3465 1406 3504 12

224 3576 319 3638 quem
347 3556 524 3637 sectantum
549 3555 554 3638 l
579 3575 759 3641 magnaque
788 3556 821 3618 et
849 3553 1003 3618 comitum
1031 3553 1221 3637 aemulati0,
1249 3553 1366 3638 quibus

223 3752 226 3761 '
294 3753 334 3803 12.
354 3750 516 3801 tuHscorr.
553 3748 640 3801 111811
675 3749 770 3800 tamen
788 3741 845 3798 Μ’

290 3821 336 3871 12.
374 3824 398 3873 5.
419 3821 495 3873 crate
515 3836 536 3871 α
556 3824 583 3888 8,
621 3821 736 3887 grans
772 3818 882 3887 gratem
900 3822 928 3869 Μ
960 3818 989 3870 61
1006 3820 1082 3873 crete
1101 3823 1127 3870 11
1149 3821 1158 3887 ΙΙ
1184 3817 1253 3872 illuc
1271 3822 1366 3874 Eeorr.

220 3895 270 3942 Ma
297 3889 367 3943 illud
382 3895 424 3942 ΗΒ
447 3892 456 3959 ΙΙ
480 3896 504 3944 8.
523 3889 679 3943 multentur
697 3893 720 3940 A
756 3889 927 3942 mulctantur
945 3892 1018 3942 lfflo
1052 3885 1207 3943 mettantfl
1230 3890 1240 3958 ΙΙ
1262 3889 1366 3944 mulcte

219 3955 311 4013 ΗΜ
351 3964 473 4015 11161168
500 3962 510 4029 l
537 3967 561 4014 9.
581 3959 738 4013 uindicatur
756 3964 820 4029 Hya
855 3958 1012 4014 uindicauit
1029 3956 1058 4012 A'
1087 3961 1097 4028 ΙΙ
1125 3968 1166 4016 10.
1185 3959 1294 4015 hisdem
1314 3965 1366 4014 lm

220 4031 320 4086 iisdem
339 4038 396 4085 as
428 4033 437 4101 {l
470 4037 511 4086 12.
531 4032 632 4086 adsunt
649 4036 710 4086 Hsa
746 4031 844 4085 assunt
861 4035 888 4082 H
924 4031 1006 4101 adest
1023 4032 1126 4085 adsunt
1143 4036 1166 4083 A

291 4123 336 4174 13.
374 4127 399 4177 4,
418 4123 478 4174 tum
498 4125 543 4174 Ha
577 4122 638 4174 tum
657 4122 724 4174 eutu
742 4127 769 4174 H
805 4137 869 4174 cum
888 4116 933 4173 Μ’
968 4122 977 4190 ll
1009 4127 1033 4175 1).
1052 4121 1197 4195 ppinquue
1215 4126 1268 4173 ΗΠ
1303 4138 1366 4189 pro·

222 4191 321 4260 pinqui
340 4198 379 4245 sa
411 4194 420 4260 ΙΙ
452 4199 476 4246 9.
496 4191 689 4260 dignationem
709 4196 754 4246 Ha
781 4192 982 4260 dignaooems
1010 4191 1163 4247 donacione
1181 4197 1208 4244 H
1244 4191 1365 4260 dignita·

221 4267 279 4317 tem
298 4259 327 4315 A'
361 4265 371 4333 ΙΙ
402 4262 617 4317 adulescentulis
636 4264 739 4318 codices
756 4263 966 4319 Araadcliaaas
984 4269 1009 4318 et
1026 4264 1211 4326 Harmatos,
1236 4263 1366 4316 6111116666

221 4335 433 4388 Norimb.1473
448 4334 588 4402 Erphord.
603 4340 675 4389 1509
691 4335 770 4406 Lips.
783 4339 855 4391 1509
883 4333 1097 4392 adolescentulis
1112 4338 1168 4389 cett.
1192 4334 1201 4403 11
1226 4338 1266 4386 10.
1282 4333 1366 4388 rubor

222 4410 269 4459 Ea
306 4407 423 4460 robore
460 4404 544 4460 robur
562 4410 654 4460 fluor..
668 4412 696 4459 Μ
