3046 4868
590 263 859 326 ,-23..

178 424 278 489 suarii
306 424 440 489 eludunt
473 423 618 508 aliaeque
652 425 765 507 gentes
792 422 871 486 haut
897 423 1028 505 perinde
1063 426 1273 507 memoratae,
1306 446 1325 487 a

178 531 283 596 fronte
312 530 396 594 Frisi
428 530 600 613 excipiunt.
637 529 814 598 maioribus
843 529 1084 613 minoribusque
1107 529 1207 594 Frisis
1231 554 1324 596 ueea-

178 640 291 704 bulum
315 641 365 702 est
383 660 422 703 ex
441 636 536 700 mede
556 637 684 701 uirium.
717 640 870 721 utraeque
889 637 1039 702 nationes
1060 660 1159 722 usque
1174 638 1214 702 ad
1228 638 1324 704 Ocea·
1339 668 1352 705 4
1370 645 1372 648 ⁴

79 782 85 791 ·
177 768 254 809 num
269 744 383 809 Rheno
401 746 631 829 praetexuntur
651 745 1043 829 ambiuntque-inmensos
1060 743 1071 828 ll
1088 744 1220 828 insuper
1235 746 1324 811 lacus

179 857 212 918 et
234 851 392 917 Romanis
416 851 575 916 classibus
597 851 782 936 nauigatos
818 852 924 934 ipsum
948 850 1141 934 quinetiam
1161 850 1325 917 Oceanum

178 961 236 1024 illa
255 957 500 1042 temptauimus3
524 961 557 1022 et
576 978 742 1041 superesse
762 957 866 1021 adhuc
880 955 1029 1021 Herculis
1048 957 1213 1021 columnas
1236 958 1325 1023 fama
1349 1003 1356 1017 ,s

178 1065 340 1150 uolgauit,
364 1065 432 1128 siue
452 1064 532 1128 adiit
545 1062 715 1147 Hercules,
739 1086 793 1127 seu
814 1063 965 1147 quiequid
984 1064 1102 1148 ubique
1117 1065 1352 1148 magnificume

179 1176 242 1255 est,
270 1173 304 1235 in
332 1171 515 1236 claritatem
544 1171 612 1234 eius
640 1170 760 1235 referre
789 1171 1019 1235 consensimus.
1054 1191 1113 1234 nee
1138 1155 1243 1234 ‘defuit
1271 1194 1323 1237 au-

179 1281 288 1344 dentia
315 1269 422 1343 Druso
447 1277 654 1342 Germaniae:
690 1278 745 1342 sed
774 1277 905 1342 obstitit
934 1276 1079 1342 Oceanus
1109 1278 1143 1341 in
1171 1299 1204 1341 se
1229 1278 1324 1343 simul

180 1391 276 1471 atque
295 1387 329 1451 in
343 1385 518 1450 Herculem
536 1384 663 1468 inquiri.
698 1407 772 1450 mox
789 1406 885 1450 neme
909 1385 1096 1469 temptauit,
1120 1384 1324 1469 sanctiusque

178 1515 214 1558 ac
237 1492 436 1557 reuerentius
462 1491 568 1556 uisum
593 1492 631 1555 de
655 1491 736 1555 actis
760 1491 893 1556 deorum
918 1491 1046 1555 eredere
1070 1513 1166 1575 quarn
1191 1492 1280 1556 seire.
1339 1521 1364 1560 12

268 1599 319 1664 35.
360 1598 587 1663 Hactenusin
619 1599 817 1662 occidentem
846 1596 1055 1661 Germaniam
1086 1585 1244 1662 nouimus.
1289 1599 1324 1662 in

178 1705 430 1788 septentrionem
449 1705 573 1789 ingenti
590 1705 675 1768 flexu
689 1704 781 1768 redit.
819 1727 856 1769 ae
870 1703 975 1788 prime
992 1705 1103 1769 statim
1119 1702 1321 1769 Chaucorum

180 1832 272 1897 gens,
300 1833 494 1895 quamquam
518 1811 654 1895 incipiat
677 1833 696 1874 a
717 1810 816 1875 Frisis
841 1833 878 1875 ae
900 1815 1027 1895 partem
1050 1811 1156 1875 literis
1180 1815 1329 1895 occupet,

177 1917 320 1980 emnium
344 1939 424 2001 quas
444 1917 579 2000 exposui
602 1918 749 2001 gentium
771 1917 928 1982 lateribus
948 1916 1147 2000 obtenditur,
1171 1918 1270 1982 denec
1288 1918 1351 1986 inr

177 2021 314 2088 Chattos
338 2036 440 2109 usque
464 2023 616 2087 sinuetur.
648 2021 665 2108 Ι
683 2023 765 2087 Tam
793 2023 974 2088 inmensum
997 2026 1157 2087 terrarum
1181 2024 1322 2106 spatium

176 2151 242 2194 nen
269 2133 383 2193 tenent
414 2132 543 2193 tantum
571 2127 707 2213 Chauci,
739 2130 794 2193 sed
827 2133 860 2193 et
886 2130 1037 2214 implent,
1069 2131 1207 2213 populus
1238 2130 1323 2193 inter

176 2235 355 2300 Germanos
388 2236 623 2320 nobilissimus,
656 2236 773 2319 quique
805 2235 1063 2320 magnitudinem
1101 2259 1193 2300 suam
1230 2237 1323 2300 malit

175 2343 303 2407 iustitia
327 2343 419 2407 tueri.
457 2342 526 2407 sine
546 2341 734 2424 eupiditate,
758 2342 1050 2426 sineimpotentia,
1074 2343 1174 2426 quieti
1193 2344 1349 2414 secreti-3

175 2473 236 2535 que
260 2451 350 2515 nulla
364 2451 544 2533 prouocant
570 2436 665 2532 bella,
688 2447 786 2512 nullis
810 2449 959 2532 raptibus
984 2453 1039 2513 aut
1061 2450 1242 2514 latrociniis
1266 2474 1321 2535 pe-

174 2559 338 2640 pulantur.
374 2556 406 2620 id
431 2555 637 2640 praecipuum
661 2554 792 2620 uirtutis
812 2577 849 2619 ac
872 2555 990 2619 uirium
1014 2559 1240 2640 argumentum
1264 2561 1321 2638 est,

175 2664 273 2747 qued,
305 2667 343 2727 ut
375 2663 555 2746 superiores
589 2666 702 2746 agant,
738 2667 814 2726 nen‘
837 2683 895 2745 per
926 2661 1059 2726 iniurias
1093 2667 1321 2749 assequuntur;

174 2772 327 2853 prompta
354 2772 463 2832 tamen
488 2768 638 2833 omnibus
666 2790 756 2831 arma
784 2790 834 2852 ac,
864 2768 892 2831 si
919 2790 971 2832 res
999 2772 1126 2852 poseat,
1154 2771 1361 2857 exereitus,12

174 2876 350 2959 plurimum
369 2876 512 2938 uirorum
532 2896 763 2959 equorumque3
788 2879 820 2938 et
839 2874 1076 2959 quiescentibus
1096 2875 1206 2939 eadem
1225 2877 1322 2944 fama.

264 2983 315 3047 36.
348 2981 386 3045 In
405 2982 505 3045 latere
521 2978 726 3046 Chaucorum
740 2979 996 3065 Chattorumque
1015 2980 1169 3047 Cherusci
1186 2983 1321 3048 nimiam
1388 2991 1391 3000 '

175 3111 213 3152 ac
236 3091 432 3153 marcentem
455 3086 510 3151 diu
532 3108 645 3170 pacem
669 3088 848 3152 inlacessiti
870 3089 1068 3153 nutrierunt:
1092 3089 1187 3173 idque
1211 3091 1320 3154 iucun-

175 3195 245 3259 dius
270 3217 365 3278 quam
388 3195 492 3260 tutius
515 3193 592 3277 luit,
621 3194 696 3278 quia
719 3195 804 3259 inter
829 3195 1007 3279 inpotentis
1032 3201 1064 3259 et
1087 3197 1212 3261 ualidos
1236 3197 1320 3261 false

176 3303 336 3384 quiescas:
362 3302 418 3365 ubi
440 3324 539 3365 manu
559 3302 678 3386 agitur,
701 3301 861 3365 modestia
884 3324 921 3366 ae
944 3303 1091 3385 probitas
1115 3304 1244 3367 minime
1268 3285 1371 3378 su-4'

174 3408 317 3491 perieres
351 3411 436 3472 sunt.
477 3409 525 3472 ita
558 3408 612 3491 qui
640 3408 718 3473 elim
746 3407 823 3471 beni
852 3408 1008 3492 aequique
1037 3406 1204 3493 Cherusci,
1236 3432 1320 3474 nune

246 3607 270 3654 2.
287 3601 403 3655 cludunt
416 3605 492 3653 mla
530 3601 679 3655 claudutA
706 3602 715 3670 {l
742 3600 817 3654 haud
832 3601 907 3655 cedd.
935 3603 945 3670 ΙΙ
972 3606 996 3654 3.
1017 3600 1078 3654 frisi
1091 3605 1144 3653 ΗΜ
1174 3601 1244 3672 frisy'
1259 3607 1294 3656 Aa
1312 3603 1320 3672 l

174 3671 248 3726 frisie
267 3676 335 3741 HyA
370 3671 439 3742 frisy'
461 3690 479 3726 c
510 3672 520 3741 ΙΙ
538 3677 576 3753 ,8.
596 3672 725 3740 uolgauit
741 3675 764 3722 A
801 3670 930 3753 uqlgauit
947 3676 1011 3740 Hya
1042 3673 1051 3740 ΙΙ
1083 3672 1262 3742 magnifieum
1276 3678 1321 3742 Ηγ

99 3785 101 3791 .
173 3759 305 3812 magnum
326 3761 347 3797 α
378 3743 389 3811 ΙΙ
420 3758 608 3797 consensimus
627 3760 668 3811 γα
706 3759 899 3796 censueurmus
917 3747 943 3794 11

246 3815 297 3866 35.
342 3821 372 3867 2³
395 3832 428 3885 ps
452 3813 544 3881 operis
569 3819 595 3883 A,
639 3814 648 3881 ΙΙ
683 3809 901 3867 3.literis11A'
950 3808 1026 3869 litdis
1044 3820 1072 3867 Μ
1116 3813 1220 3869 littoris
1240 3820 1275 3868 Aa
1312 3815 1345 3873 l'

174 3891 199 3940 4.
223 3885 385 3939 obtenditur
407 3881 488 3937 ΗΒΓ
543 3884 672 3939 obtendit
698 3890 725 3936 A
764 3887 775 3953 ΙΙ
815 3889 840 3936 5.
870 3884 980 3939 chattos
1003 3880 1061 3954 yA”
1115 3885 1218 3939 chattis
1250 3889 1276 3936 11
1311 3877 1314 3955 Ι

174 3955 299 4010 sinuetur
317 3960 384 4026 Hya
421 3956 528 4010 sinatur
546 3960 633 4010 Haec.
673 3956 683 4024 ll
720 3957 779 4010 tam
802 3960 866 4025 Hya
906 3972 970 4009 nam
994 3953 1023 4008 ,qr
1057 3958 1067 4024 ΙΙ
1103 3963 1127 4010 6.
1154 3956 1252 4010 chauci
1275 3960 1321 4025 Hy

174 4027 254 4081 abaci
281 4032 304 4079 A
350 4026 445 4080 chauti
463 4045 481 4081 u
519 4027 529 4095 ΙΙ
571 4034 594 4081 7.
624 4026 705 4080 malit
726 4031 794 4094 Hya
849 4026 950 4080 maluit
972 4022 1001 4078 A'
1042 4028 1051 4095 ΙΙ
1091 4032 1131 4080 11.
1161 4030 1247 4094 agant
1271 4030 1319 4079 Ha

229 4098 262 4151 nt

173 4114 229 4167 agn
245 4116 300 4222 367.
336 4175 359 4222 1.
379 4168 546 4222 chaucorum
565 4174 630 4222 ΗΒα
667 4168 795 4235 chaneos
812 4175 840 4222 Μ
879 4168 888 4236 ll
929 4174 953 4222 2.
972 4167 1119 4222 iucundius
1137 4172 1198 4221 Hse
1226 4167 1318 4220 iocun-

173 4240 236 4294 dius
261 4245 312 4292 An
346 4241 356 4308 {l
395 4246 420 4292 3.
439 4245 452 4292 i
470 4239 593 4307 potentis
611 4241 640 4292 A
684 4239 854 4307 impetentes
881 4243 992 4294 necor-r.
1014 4257 1032 4293 a
1067 4241 1235 4308 unpetentes
1259 4243 1317 4305 spe.

174 4311 333 4379 inpotentes
351 4316 379 4363 Μ
409 4311 419 4379 ΙΙ
455 4317 480 4364 4.
503 4308 618 4364 minime
637 4311 807 4364 Heltamuoa
842 4309 907 4364 neie
928 4328 949 4364 α
985 4311 1097 4366 nomine
1115 4314 1160 4379 Hy
1206 4309 1318 4364 nemina

177 4381 346 4437 Puteolanas
377 4383 387 4451 ΙΙ
419 4381 573 4453 superiores
592 4386 617 4435 Η
654 4380 804 4452 superioris
823 4398 864 4451 γα
