3046 4868
686 259 879 321 ..8-

129 437 137 447 ·
215 440 275 501 que
309 418 416 481 demat
448 418 500 482 uel
534 417 631 482 addat
662 417 767 482 fidem.
822 417 852 480 4.
897 417 972 500 Ipse
1005 439 1116 482 eorum
1153 419 1360 502 opinionibus

216 526 341 609 accedo,
365 525 420 609 qui
439 524 631 589 Germaniae
653 525 792 608 populos
813 524 911 588 nullis
936 524 1009 588 aliis
1033 526 1170 590 aliarum
1192 527 1361 591 nationum

215 633 361 696 conubiis
380 632 518 696 infectos
536 632 702 715 propriam
722 636 755 696 et
773 631 932 695 sinceram
952 634 985 695 et
1007 634 1135 697 tantum
1155 632 1205 696 sui
1225 633 1362 697 similem

215 742 343 823 gentem
363 738 508 802 extitisse
528 740 735 803 arbitrantur.
771 736 854 801 unde
877 737 1009 801 habitus
1034 761 1159 822 quoque
1182 760 1390 822 corporum,4

182 865 183 868 ’
216 867 410 929 quamquam
429 846 464 908 in
483 848 576 909 tanto
599 846 766 909 hominum
790 867 934 932 numero,
957 844 1042 908 idem
1066 847 1224 911 omnibus.
1256 850 1362 919 truces

218 957 251 1018 et
273 953 393 1017 caeruli
417 952 510 1036 oculi,
534 952 649 1016 rutilae
673 975 793 1037 comae,
818 974 936 1038 magna
959 975 1095 1035 corpora
1116 957 1149 1018 et
1170 956 1298 1018 tantum
1323 953 1363 1016 ad

215 1061 376 1143 impetum
398 1060 523 1124 ualida:
549 1058 669 1123 laboris
694 1063 790 1143 atque
815 1081 948 1143 operum
971 1081 1037 1123 non
1060 1059 1171 1123 eadem
1193 1061 1363 1144 patientia,
1417 1096 1423 1107 ι

218 1167 414 1250 minimeque
443 1165 532 1229 sitim
557 1170 743 1251 aestumque
771 1167 922 1249 tolerare,
949 1165 1072 1250 frigora
1100 1170 1194 1249 atque
1222 1167 1390 1233 inediams

217 1273 305 1338 caelo
330 1273 439 1337 soloue
465 1274 682 1337 assueueruut.

306 1380 334 1444 5.
359 1379 460 1443 Terra
478 1379 540 1443 etsi
559 1379 723 1461 aliquanto
745 1380 849 1463 specie
870 1378 984 1462 differt,
1002 1379 1038 1441 in
1051 1379 1239 1444 uniuersum
1253 1384 1362 1444 tamen

219 1491 275 1550 aut
298 1487 390 1550 siluis
414 1487 547 1551 horrida
570 1491 626 1550 aut
649 1486 821 1569 paludibus
848 1485 956 1569 foeda,
983 1485 1123 1549 umidior
1146 1508 1209 1569 qua
1232 1487 1364 1572 Gallias

217 1593 383 1663 uentosior
412 1615 477 1676 qua
503 1592 661 1658 Noricum
695 1616 732 1658 ac
759 1593 960 1658 Pannoniam
989 1593 1118 1676 aspicit3
1152 1595 1231 1658 satis
1263 1597 1364 1682 ferax,

215 1699 445 1783 frugiferarum
470 1701 622 1763 arborum
645 1699 833 1784 impatiens,
862 1722 1016 1783 pecorum
1039 1699 1190 1786 fecunda,
1217 1702 1273 1766 sed
1297 1705 1390 1787 ple-4

218 1829 352 1889 rumque
375 1806 554 1888 inprocera.

305 1911 355 1976 Ne
393 1914 546 1978 armentis
584 1914 713 1998 quidem
734 1906 823 1978 ‘suus
859 1914 966 1979 honor
999 1918 1056 1978 aut
1080 1914 1197 1998 ‘gloria
1234 1914 1363 1999 frontis3

216 2041 350 2084 numero
375 2020 530 2105 gaudent,
554 2042 672 2105 eaeque
697 2021 785 2085 solae
809 2012 842 2084 et
865 2021 1069 2106 gratissimae
1093 2043 1170 2104 opes
1191 2024 1275 2085 sunt.

308 2127 491 2211 Argentum
518 2129 551 2191 et
578 2149 692 2191 aurum
720 2128 893 2211 propitiine
922 2138 964 2191 'an
991 2127 1066 2190 irati
1097 2127 1142 2211 dii
1172 2129 1392 2211 negauerints

218 2234 342 2298 dubito.
368 2237 372 2313 l
397 2233 466 2298 Nec
492 2236 602 2297 tamen
630 2232 861 2297 affirmauerim
885 2232 1009 2296 nullam
1033 2230 1225 2299 Germaniae
1248 2257 1365 2299 uenam

220 2344 391 2425 argentum
411 2357 564 2404 aurumne
584 2340 732 2424 gignere3
755 2340 827 2422 quis
852 2340 937 2403 enim
962 2341 1124 2402 scrutatus
1146 2341 1216 2404 est?
1240 2363 1365 2425 posses-

221 2447 310 2512 sione
335 2449 368 2509 et
389 2468 450 2509 usu
472 2446 553 2510 haut
576 2446 711 2529 proinde
736 2446 931 2512 afficiuntur.

307 2552 370 2616 Est
392 2551 500 2615 uidere
525 2552 609 2635 apud
632 2553 707 2616 illos
732 2555 887 2637 argentea
910 2557 998 2635 uas'a,
1021 2552 1138 2636 legatis
1158 2556 1191 2617 et
1213 2553 1405 2637 principi-12

219 2660 279 2724 bus
299 2680 410 2724 eorum
429 2658 555 2722 muneri
574 2659 657 2741 data,
680 2680 748 2723 non
766 2660 800 2722 in
820 2659 884 2723 alia
902 2658 1028 2724 uilitate
1048 2681 1143 2741 quam
1162 2682 1244 2743 quae
1266 2660 1365 2724 humo

219 2766 394 2851 finguntur.
427 2788 623 2850 quamquam
641 2767 779 2850 proximi
798 2766 948 2830 ebusum
968 2765 1233 2830 commerciorum
1253 2788 1366 2830 aurum

221 2877 253 2937 et
277 2875 447 2957 argentum
470 2872 504 2935 in
531 2873 634 2956 pretio
659 2873 795 2956 habent,
817 2869 826 2958 ll
847 2872 1033 2955 formasque
1059 2872 1214 2956 quasdam
1236 2877 1367 2938 nostrae

204 2979 375 3066 ,pecuniae
404 2981 587 3063 agnoscunt
613 2981 710 3061 atque
739 2978 871 3062 eligunt.
901 2981 905 3055 l
930 2977 1100 3041 interiores
1129 2978 1307 3062 simplicius
1336 2984 1407 3049 etro

222 3086 386 3170 antiquius
409 3085 647 3169 permutatione
671 3083 824 3148 mercium
850 3086 995 3147 utuntur.
1098 3172 1099 3175 Ἴ

310 3191 486 3257 Pecuniam
509 3191 650 3275 probant
670 3194 812 3255 ueterem
835 3193 868 3254 et
891 3190 944 3253 diu
966 3192 1089 3274 notam,
1113 3195 1252 3256 serratos
1277 3194 1367 3277 biga-

221 3310 344 3384 tosque.

311 3406 492 3492 Argentum
520 3428 646 3491 quoque
670 3405 774 3490 magis
803 3427 899 3489 quam
923 3428 1036 3469 aurum
1060 3402 1249 3490 sequuntur,
1277 3408 1369 3471 nulla
1383 3436 1408 3474 20

224 3512 391 3577 affectione
412 3513 522 3592 animi,
547 3513 602 3577 sed
622 3513 697 3598 quia
721 3534 874 3576 numerus
899 3517 1126 3598 argenteorum
1148 3512 1273 3577 facilior
1296 3515 1370 3578 usui

224 3624 274 3684 est
301 3621 484 3702 promiscua
507 3642 544 3685 00
571 3620 649 3683 uilia
676 3613 904 3683 mercantibus.
951 3620 980 3684 6.
1025 3620 1078 3703 Ne¹
1098 3619 1217 3684 ferrum
1241 3620 1369 3703 quidem

225 3730 385 3810 superest,
409 3726 493 3790 sieut
511 3748 550 3790 ex
573 3746 691 3810 genere
714 3726 853 3790 telorum
877 3725 1050 3810 colligitur.

312 3832 390 3896 Rari
418 3831 534 3916 gladiis
563 3835 619 3895 aut
647 3833 824 3897 maioribus
852 3832 972 3896 lanceis
1001 3836 1149 3897 utuntur:
1176 3834 1288 3899 hastas
1317 3836 1370 3898 uel

295 4083 325 4133 4.
361 4087 386 4134 3.
410 4080 534 4149 conubys
552 4084 580 4131 Μ
625 4077 769 4132 connubiis
792 4083 853 4131 Eso
884 4079 894 4146 ll
928 4079 1122 4134 6.oeruli11A
1169 4078 1272 4132 cerulei
1290 4097 1329 4148 γα
1361 4079 1370 4150 ll

225 4160 249 4207 9.
268 4154 452 4206 assueuerunt
470 4157 506 4204 Sa
543 4152 771 4205 assueuermttfl
808 4153 954 4204 assuerunt
972 4146 1001 4203 A'
1041 4150 1197 4206 assueuerit
1215 4156 1243 4219 S,

297 4224 326 4276 5.
363 4230 388 4277 2.
412 4222 554 4276 humidior
579 4223 654 4276 codd.
687 4221 697 4289 ΙΙ
729 4227 753 4275 7.
783 4237 846 4287 00111
868 4216 932 4272 ΗΔ”
981 4222 1064 4290 heeqa
1088 4229 1104 4275 s
1140 4225 1200 4289 atq&
1226 4225 1253 4272 M
1284 4222 1294 4289 ΙΙ
1329 4226 1369 4273 11.

226 4296 296 4348 haut
313 4300 341 4347 Μ
376 4294 453 4348 haud
472 4299 507 4346 So
542 4295 552 4362 11
588 4292 704 4360 proinde
727 4297 780 4344 Im
816 4291 932 4362 perinde
951 4299 990 4347 sa
1025 4295 1035 4364 ΙΙ
1072 4292 1372 4347 castrationem

227 4365 382 4422 01100οῶ8
427 4363 604 4420 affectatione
623 4359 652 4415 A'
