3046 4868
131 888 150 919 Ι

692 296 823 365 -,14
873 310 959 338 -“

231 457 421 521 diuersitate
447 459 598 538 naturae,
625 476 698 518 cum
725 454 811 518 idem
838 454 984 518 homines
1014 453 1059 518 sic
1087 455 1199 516 ament
1225 451 1375 515 inertiam

230 568 263 627 et
286 564 411 628 oderint
434 563 583 647 quietem.
690 640 696 647 Ι

320 668 392 734 Mos
412 671 461 732 est
479 668 666 732 ciuitatibus
690 669 777 732 ultro
801 668 841 731 ad
861 666 983 731 uiritim
1008 665 1152 731 conferre
1174 663 1375 749 principibus
1403 693 1416 732 e

231 777 285 839 uel
304 779 525 840 armentorum
539 775 591 838 uel
609 775 750 859 frugum,
769 773 854 857 quod
872 796 931 857 pro
950 773 1072 838 honore
1092 774 1259 855 acceptum
1278 771 1376 834 etiam

170 928 179 943 .
229 881 479 946 necessitatibus
504 880 664 944 subuenit.

322 987 473 1053 Gaudent
495 987 669 1071 praecipue
685 986 896 1052 finitimarum
915 986 1061 1071 gentium
1079 983 1185 1068 donis,
1209 1005 1291 1069 quae
1309 1005 1377 1047 non

231 1096 327 1159 modo
347 1119 366 1160 a
385 1096 535 1180 singulis,
560 1095 615 1159 sed
635 1097 667 1158 et
684 1094 813 1177 publice
832 1094 1014 1177 mittuntur,
1038 1092 1133 1156 electi
1147 1093 1235 1176 equi,
1258 1111 1378 1175 magna
1392 1119 1417 1157 12

232 1224 331 1286 arma,
349 1202 501 1286 phalerae
517 1204 725 1286 torquesque3
740 1201 807 1266 iam
818 1203 851 1264 et
860 1200 1031 1285 pecuniam
1046 1199 1190 1282 accipere
1205 1197 1378 1262 docuimus.
1402 1256 1404 1267 ,

324 1310 374 1374 16.
410 1307 527 1373 Nullas
547 1308 781 1373 Germanorum
799 1307 929 1392 populis
948 1305 1043 1370 urbes
1062 1305 1203 1370 habitari
1223 1306 1301 1369 satis
1322 1326 1378 1367 no-

233 1420 303 1479 tum
327 1417 389 1498 est,
411 1436 452 1478 ne
475 1415 545 1498 pati
568 1415 698 1499 quidem
721 1415 806 1477 inter
829 1435 862 1478 se
886 1415 1011 1478 iunctas
1035 1413 1134 1477 sedes.

324 1519 444 1586 Colunt
462 1521 592 1584 discreti
613 1543 650 1585 ae
668 1520 801 1605 diuersi,
824 1523 861 1584 ut
878 1520 950 1585 fons
955 1571 964 1604 ,
987 1523 1025 1584 ut
1043 1541 1188 1603 campus,
1211 1522 1248 1582 ut
1265 1539 1378 1582 nemus

233 1629 362 1713 placuit.
1388 1652 1409 1721 ⁴4.

323 1733 421 1799 Vicos
449 1734 558 1798 locant
584 1756 651 1798 non
679 1735 713 1798 in
740 1739 889 1799 nostrum
912 1757 1036 1799 morem
1060 1735 1188 1799 conexis
1212 1737 1245 1797 et
1268 1734 1379 1799 cohae-

233 1841 378 1906 rentibus
407 1840 572 1906 aedificiis:
605 1864 697 1906 suam
730 1843 864 1925 quisque
897 1841 1028 1906 domum
1061 1842 1165 1925 spatio
1193 1840 1380 1922 circumdat,

237 1949 305 2013 siue
329 1947 483 2012 aduersus
509 1970 609 2013 casus·
630 1949 715 2032 ignis
740 1948 917 2013 remedium
941 1949 1009 2012 siue
1031 1947 1160 2013 inscitia
1184 1946 1381 2031 aedificandi.

323 2053 373 2117 Ne
397 2056 635 2118 caementorum
660 2053 788 2137 quidem
808 2055 892 2138 apud
914 2055 988 2118 illos
1008 2058 1064 2118 aut
1086 2055 1270 2138 tegularum
1290 2075 1408 2118 ususte

236 2162 372 2225 materia
400 2159 441 2224 ad
469 2161 579 2225 omnia
607 2163 742 2224 utuntur
769 2161 901 2224 informi
929 2164 961 2224 et
984 2161 1066 2225 eitra
1089 2162 1229 2244 speciem
1253 2163 1309 2224 aut
1331 2160 1382 2223 de-

236 2269 451 2333 lectationem.
472 2267 477 2351 l
498 2266 663 2343 Quaedam
680 2269 753 2357 loca
767 2267 955 2352 diligentius
970 2268 1123 2332 inliniunt
1136 2270 1223 2330 terra
1240 2267 1288 2330 ita
1301 2289 1383 2349 pura

238 2397 275 2439 ac
299 2374 502 2460 splendente,
530 2376 567 2437 ut
594 2374 755 2457 picturam
784 2397 821 2438 ac
839 2375 1040 2454 nliniamenta
1065 2375 1209 2439 colorum
1232 2375 1336 2438 imitet
1376 2426 1382 2438 .

238 2483 344 2546 solent
372 2485 405 2545 et
432 2485 655 2564 supterraneos
684 2503 797 2564 specus
827 2481 951 2564 aperire
980 2502 1098 2564 eosque
1126 2481 1228 2545 multo
1251 2482 1383 2565 insuper
1397 2499 1422 2536 12

238 2589 314 2652 fimo
335 2592 486 2671 onerant,
505 2587 680 2670 suffugium
699 2587 798 2650 hiemi
818 2590 850 2651 et
867 2588 1106 2670 receptaculum
1124 2587 1286 2671 frugibus,
1310 2589 1385 2670 quia

237 2695 379 2779 rigorem
407 2695 567 2778 frigomm
600 2693 758 2758 eiusmodi
790 2693 869 2758 lacis
897 2694 1061 2759 molliunt:
1086 2694 1097 2778 ΙΙ
1123 2697 1167 2778 et,
1201 2695 1229 2757 si
1257 2695 1383 2778 quando

236 2800 343 2865 hostis
372 2801 516 2884 aduenit,
548 2803 661 2882 aperta
688 2800 876 2884 populatur,
910 2800 1019 2865 abdita
1051 2805 1159 2864 autem
1191 2804 1224 2865 et
1252 2801 1385 2866 defossa

238 2910 294 2970 aut
321 2907 514 2991 ignorantur
542 2909 598 2970 aut
625 2928 663 2970 eo
691 2906 762 2991 ipso
789 2905 909 2985 fallunt
938 2907 1024 2990 quod
1051 2909 1231 2990 quaerenda
1255 2911 1340 2973 sunt.
1379 2904 1424 2995 lro

240 3013 289 3077 17.
328 3013 492 3098 Tegumen
512 3013 659 3077 omnibu‘s
680 3001 795 3097 sagum
813 3013 912 3076 fibula
935 3016 1005 3097 aut,
1028 3013 1054 3077 si
1078 3013 1174 3093 desit,
1199 3014 1292 3096 spina
1310 3036 1383 3078 con-

238 3122 375 3185 sertum:
399 3123 513 3185 cetera
541 3119 657 3183 intecti
683 3121 773 3184 totos
801 3119 868 3184 dies
896 3120 987 3185 iuxta
1013 3118 1121 3184 focum
1148 3122 1244 3204 atque
1276 3121 1385 3204 ignem

237 3230 347 3311 agunt.
614 3208 620 3214 ’

327 3333 589 3414 Locupletissimi
621 3336 711 3397 ueste
744 3333 978 3419 distinguntur,
1010 3355 1078 3399 non
1108 3333 1270 3417 fluitante,
1303 3334 1413 3398 sicuti

240 3438 409 3504 Sarmatae
428 3462 466 3503 ac
484 3439 611 3524 Parthi,
635 3441 691 3504 sed
710 3440 823 3505 stricta
842 3444 874 3504 et
895 3441 1040 3525 singulos
1065 3443 1154 3504 artus
1178 3440 1385 3522 exprimente.

330 3545 456 3642 Gerunt
485 3549 520 3610 et
552 3547 693 3611 ferarum
724 3548 840 3632 pelles,
876 3548 1016 3631 proximi
1050 3549 1140 3632 ripae
1173 3547 1386 3632 neglegenter,

224 3652 408 3719 ¹ulteriores
433 3654 636 3740 exquisitius,
658 3656 696 3718 ut
718 3655 835 3738 quibus
858 3655 965 3719 nullus
988 3676 1046 3738 per
1064 3655 1255 3719 commercia
1274 3653 1387 3718 cultus.

312 3908 335 3955 6.
355 3901 431 3954 idem
449 3904 502 3953 mr
537 3901 622 3970 ydem
642 3906 681 3954 Sa
712 3902 722 3970 ΙΙ
756 3905 795 3955 12.
816 3917 833 3954 a
851 3900 968 3970 singulis
988 3908 1027 3955 sa
1065 3900 1182 3970 singulis
1201 3906 1253 3955 ΗΜ

310 3975 356 4024 16.
394 3977 419 4025 ὅ.
438 3971 535 4026 locant
553 3976 598 4040 Hy
625 3971 743 4040 longant
762 3989 783 4024 α
815 3971 825 4039 ΙΙ
857 3972 988 4026 connexis
1011 3974 1086 4027 codd.
1119 3971 1129 4039 ΙΙ
1161 3977 1185 4027 8.
1205 3991 1241 4028 ne
1260 3978 1298 4026 Sor
1336 3989 1387 4026 nec

240 4048 293 4096 ΗΜ
323 4045 333 4112 ΙΙ
366 4048 407 4099 10,
435 4042 569 4097 inliniunt
596 4046 648 4095 ΗΜ
675 4041 795 4106 villinir'rt
824 4048 839 4094 Β
880 4042 976 4096 illinirt
999 4061 1020 4097 or
1057 4045 1067 4112 ΙΙ
1105 4049 1146 4096 11.
1175 4043 1320 4098 liniameta
1344 4047 1387 4095 Hs

240 4115 393 4168 lineameta
416 4109 481 4166 Μ’
520 4115 530 4183 ll
567 4112 692 4168 colorum
717 4114 793 4166 codd.
835 4113 957 4168 locorum
981 4114 1142 4183 Nipperdey
1173 4115 1183 4183 ΙΙ
1215 4121 1256 4169 12.
1281 4117 1396 4182 supter--

241 4202 341 4240 raneos
359 4179 389 4236 A'
428 4185 624 4238 subterraneos
648 4201 686 4252 γα
717 4184 727 4252 ss
760 4189 800 4237 13.
821 4185 887 4252 quia
905 4189 980 4237 Ena
1013 4185 1097 4254 quis
1129 4187 1138 4254 ΙΙ
1171 4191 1211 4240 14,
1237 4185 1385 4255 frigorum]

241 4258 316 4312 omis.
335 4261 362 4308 H
393 4257 402 4324 ΙΙ
433 4254 501 4309 lacis
519 4256 619 4323 scripsi
654 4253 723 4308 locis
742 4255 818 4310 codd.

310 4329 353 4378 17.
388 4334 411 4380 5.
431 4329 552 4380 surmate
566 4331 594 4378 Μ
631 4326 803 4378 sarmathes
840 4329 962 4382 samrate
981 4346 999 4382 o
1030 4329 1040 4397 ΙΙ
1072 4334 1095 4382 6.
1116 4326 1223 4381 (ierunt
1236 4331 1301 4396 Hya
1336 4327 1386 4381 re-

243 4399 307 4451 runt
325 4392 354 4449 A'
389 4398 398 4465 ΙΙ
429 4396 606 4467 negligenter
624 4401 719 4451 Eeorr.
738 4413 780 4465 γα
818 4398 1008 4469 negligentius
1026 4403 1094 4467 Epr.
