3046 4868
697 269 912 334 -26-

233 431 367 495 humum
387 432 586 495 euoluontur.
614 451 716 513 eoque
731 430 835 495 omnis
850 429 1038 512 superstitio
1053 431 1194 515 respicit,
1211 435 1377 517 tamquam

233 539 307 604 inde
329 538 425 602 initia
448 537 565 622 geniis,
588 538 635 602 ibi
653 540 805 622 regnator
824 537 968 601 omnium
993 536 1079 624 deus,
1103 541 1210 604 cetera
1233 540 1379 605 subiecta

235 649 330 730 atque
353 643 511 729 parentia.
546 643 645 719 adicit
669 644 896 710 auctoritatem
919 645 1051 708 fortuna
1075 641 1284 711 Semnonum:
1309 669 1377 711 cen-

233 755 303 816 tum
326 751 420 836 pagis
447 750 594 816 habitare
619 752 778 834 dicuntur,
806 755 988 835 magnoque
1017 773 1151 835 corpore
1179 753 1316 817 efficitur
1343 757 1379 818 ut
1394 782 1419 820 8

234 881 267 923 80
292 857 467 923 Sueborum
492 860 589 941 caput
613 858 753 922 credant.

321 965 374 1028 40.
410 962 531 1029 Contra
549 963 785 1049 Langobardos
808 965 955 1049 paucitas
978 965 1145 1029 nobilitat:
1168 967 1319 1049 plurimis
1343 990 1380 1031 80

233 1072 464 1136 ualentissimis
487 1072 674 1137 nationibus
698 1072 795 1137 cincti
818 1093 883 1138 non
905 1095 963 1155 per
986 1073 1185 1158 obsequium,
1211 1073 1267 1137 sed
1289 1095 1380 1157 proe-

234 1179 286 1265 liis
311 1201 348 1244 80
371 1179 583 1262 periclitando
607 1179 670 1243 tuti
694 1182 777 1243 sunt.

321 1285 481 1370 Reudigni
519 1285 631 1350 deinde
669 1289 701 1350 et
732 1284 877 1350 Auiones
916 1289 949 1349 et
980 1285 1093 1370 Anglii
1127 1290 1165 1357 et
1195 1286 1311 1351 Varini
1349 1291 1408 1356 088

232 1392 379 1457 Eudoses
415 1396 447 1456 et
479 1391 662 1457 Suardones
694 1395 728 1456 08
759 1391 946 1457 Huithones
978 1393 1165 1458 fluminibus
1198 1397 1255 1458 aut
1286 1393 1378 1459 siluis

233 1499 429 1563 muniuntur.
478 1521 537 1563 nec
552 1500 745 1584 ·quidquarn
777 1499 921 1563 notabile
952 1499 986 1563 in
1019 1499 1169 1584 singulis,
1200 1500 1265 1564 nisi
1293 1500 1378 1583 quod

233 1605 401 1669 Mammun
419 1605 573 1690 Erthum,
596 1606 629 1670 id
647 1609 698 1671 est
716 1605 849 1670 Terram
868 1605 1021 1691 Matrem,
1045 1608 1154 1671 colunt
1177 1629 1311 1692 eamque
1330 1607 1378 1671 in·

233 1713 394 1777 teruenire
417 1713 513 1777 rebus
536 1713 717 1794 hominum,
740 1713 851 1777 inuehi
874 1713 1002 1797 populis
1026 1714 1232 1778 arbitrantur.
1393 1747 1405 1785 3

321 1818 383 1883 Est
410 1820 445 1883 in
472 1820 578 1884 insula
601 1820 720 1886 Oceani
748 1823 873 1884 castum
901 1842 1029 1905 nemus,
1056 1820 1259 1904 dicatumque
1283 1821 1317 1883 in
1343 1842 1379 1886 eo

232 1926 416 1991 uehiculum
435 1931 524 1992 ueste
541 1930 734 2010 contectum,
753 1927 914 2012 attingere
932 1927 989 1991 uni
1009 1927 1168 1992 sacerdoti
1181 1949 1379 1992 concessum.

163 2112 164 2116 ,
233 2033 260 2097 is
285 2033 395 2098 adesse
417 2035 576 2118 penetrali
599 2034 692 2098 deam
719 2034 877 2118 intellegit
903 2036 1092 2119 uectamque
1119 2034 1225 2099 bubus
1248 2034 1378 2098 feminis

232 2137 336 2204 multa
355 2163 426 2205 curn
445 2142 651 2205 ueneratione
670 2141 886 2225 prosequitur.
916 2141 994 2204 laeti
1013 2144 1090 2205 8880
1105 2141 1181 2224 dies,
1199 2142 1284 2206 festa
1298 2141 1379 2226 loca,
1393 2172 1419 2210 12

233 2269 450 2332 quaecumque
474 2248 615 2312 aduentu
637 2248 844 2332 hospitioque
867 2248 1028 2331 dignatur.
1060 2269 1127 2313 non
1149 2247 1236 2312 bella
1258 2248 1379 2332 ineunt,

233 2375 299 2416 non
324 2377 415 2418 arma
438 2335 583 2438 sumunt5
607 2355 751 2420 clausum
771 2377 865 2420 omne
888 2355 1023 2440 ferrum3
1046 2379 1110 2440 pax
1133 2359 1166 2419 08
1188 2355 1279 2438 quies
1301 2358 1378 2419 8880

233 2463 359 2525 tantum
383 2463 470 2545 nota,
493 2465 570 2525 tunc
592 2465 719 2525 tanturn
744 2465 861 2545 amata,
885 2462 985 2527 donec
1008 2463 1093 2527 idem
1113 2462 1261 2527 sacerdos
1280 2463 1378 2527 satia-

233 2570 302 2630 tam
322 2568 567 2632 conuersatione
586 2569 772 2633 mortalium
791 2568 884 2633 deam
899 2569 1022 2652 templo
1041 2569 1163 2635 reddat.
1196 2591 1272 2633 mox
1290 2568 1378 2634 uehi·
1393 2599 1419 2638 rs

234 2674 340 2738 culum
360 2677 392 2738 08
411 2678 517 2739 808808
536 2677 577 2759 et,
597 2675 624 2739 si
642 2675 769 2739 credere
788 2675 878 2759 uelis,
896 2698 1017 2740 numen
1035 2677 1141 2760 ipsum
1162 2679 1285 2741 secreto
1304 2676 1379 2741 lacu

233 2781 386 2845 abluitur,
433 2783 517 2847 serui
544 2783 745 2866 ministrant,
780 2804 860 2866 quos
893 2783 1004 2846 statim
1031 2783 1117 2847 idem
1143 2784 1233 2847 lacus
1260 2782 1378 2847 haurit.

234 2909 368 2952 arcanus
387 2887 463 2952 hinc
486 2892 592 2953 terror
613 2890 788 2972 sanctaque
807 2889 1003 2973 ignorantia,
1026 2889 1102 2972 quid
1126 2889 1177 2980 sit,
1190 2889 1270 2953 illud
1294 2889 1379 2972 quod

231 2996 360 3058 tantum
382 2994 519 3078 perituri
541 2995 661 3059 uident.
1391 3023 1417 3064 80

304 3176 328 3227 9.
349 3159 525 3225 euoluont‘a
561 3170 728 3224 euoluuntur
746 3174 803 3224 cett.
831 3171 841 3239 ll
874 3175 914 3224 11.
935 3169 1023 3224 adicit
1040 3175 1067 3222 88
1095 3169 1193 3225 adiicit
1209 3175 1256 3225 Ha
1284 3171 1378 3225 aditur

233 3248 249 3294 8
280 3244 290 3312 ΙΙ
321 3247 455 3296 80888088
473 3250 500 3296 n
536 3247 651 3295 semonu
671 3247 709 3295 88
741 3242 751 3310 l
783 3248 824 3296 12.
844 3240 925 3311 pagis
939 3245 1004 3294 Hsa
1025 3243 1126 3296 lacuna
1144 3247 1201 3296 octo
1224 3243 1377 3296 litterarum

232 3315 302 3367 0888
331 3314 341 3382 ΙΙ
370 3312 582 3368 hitaidfitur=
595 3312 723 3367 habitere
743 3312 873 3366 dicuntur
891 3314 993 3366 eoaiece
989 3313 1075 3367 ’.0088
1096 3312 1171 3366 Caes.
1191 3313 1214 3366 b.
1230 3313 1262 3366 G.
1278 3317 1305 3377 4,
1319 3319 1345 3377 1,
1359 3318 1376 3367 4

185 3429 188 3434 ,
232 3385 398 3438 habitantur
418 3388 493 3436 Ena
529 3384 640 3438 habital
629 3388 709 3438 8888
744 3386 754 3453 11
790 3399 904 3452 corpore
922 3401 965 3453 pa
1005 3400 1133 3453 corpore,
1157 3401 1270 3438 numero
1289 3388 1377 3461 Huar

231 3457 279 3526 tpe
295 3461 315 3509 8
311 3472 409 3524 marp.
446 3457 573 3522 tempore
591 3450 711 3510 HAffuar
743 3455 753 3524 ΙΙ
786 3460 826 3510 13
847 3471 995 3508 suenorum
1014 3456 1090 3509 codd

303 3527 358 3579 40.
397 3531 420 3581 1.
440 3525 626 3593 langobardos
644 3529 680 3595 Hs
719 3525 901 3594 largobardos
919 3530 999 3595 8188
1034 3525 1218 3594 largabardos
1236 3534 1263 3580 88
1299 3526 1376 3596 lbgo-

232 3597 326 3651 bardis
346 3615 363 3650 a
393 3597 404 3666 l]
434 3596 562 3665 paucitas
580 3602 655 3649 lma
692 3599 826 3666 paucas
861 3596 871 3664 ΙΙ
902 3566 1035 3652 nobilitat
1052 3601 1105 3649 HM
1141 3596 1242 3651 nobilit
1230 3600 1274 3651 tas
1293 3602 1332 3649 88
1368 3597 1378 3668 11

233 3675 257 3723 3.
278 3685 311 3721 80
329 3672 404 3720 Enoc
419 3671 478 3722 088
505 3669 515 3737 ΙΙ
544 3675 569 3723 4.
588 3666 733 3750 reudigni·
734 3671 806 3721 mla
833 3666 995 3749 rendignis
1032 3667 1179 3738 veusdigni
1196 3665 1226 3720 A'
1259 3669 1268 3737 ll
1301 3667 1376 3722 auio-

231 3757 280 3793 nes
293 3734 384 3791 mil-⁰
423 3737 571 3792 anionesfl
603 3740 613 3807 ΙΙ
643 3737 735 3792 uarini
752 3743 800 3793 Ha
836 3738 970 3808 uarmiy
1000 3740 1010 3808 ΙΙ
1042 3747 1066 3794 8.
1086 3741 1200 3794 eudoses
1218 3743 1294 3792 mla
1331 3755 1377 3792 en·

233 3812 349 3893 dosess
380 3811 390 3880 n
421 3810 572 3864 suardones
589 3813 615 3862 11
657 3827 781 3864 suarmes
805 3827 853 3865 seu
879 3811 1065 3865 suardoness
1111 3827 1233 3864 suarmes
1252 3827 1270 3864 a
1315 3825 1377 3863 sua·

233 3881 306 3935 rines
324 3876 353 3933 A'
392 3880 525 3935 smarines
538 3889 565 3935 88
591 3880 601 3949 ΙΙ
630 3880 686 3934 Hui
688 3881 787 3936 880808
805 3882 905 3949 scripsi
940 3881 1091 3935 nuithones
1109 3886 1149 3932 88
1186 3881 1345 3935 nuithomes
1358 3899 1377 3934 a

232 3952 380 4006 muthones
402 3956 429 4002 1
465 3951 613 4006 vuithones
636 3956 662 4003 Η
692 3953 702 4020 ΙΙ
735 3959 757 4006 7.
782 3956 983 4034 880088888088
971 3953 1062 4006 88008]
1087 3952 1249 4021 archetypus
1289 3969 1376 4006 mam-

232 4095 333 4149 808888
347 4098 391 4148 Ha
426 4093 457 4147 in
475 4093 732 4148 communenerthu
747 4098 770 4145 A
814 4111 845 4147 1n
863 4098 961 4147 088880
979 4095 1111 4148 necthum
1125 4102 1152 4148 Μ
1174 4095 1184 4164 ΙΙ
1207 4100 1231 4148 9.
1247 4110 1281 4148 08
1299 4095 1375 4148 codd

233 4182 266 4219 eo
291 4165 443 4218 Rhenanus
483 4167 493 4234 ΙΙ
534 4171 575 4220 10
605 4181 766 4219 concessum
793 4168 869 4216 mla
920 4163 1057 4220 conmissi
1086 4182 1134 4219 seu
1162 4170 1332 4219 concessus
1368 4163 1377 4235 ll

234 4259 275 4308 11.
293 4252 430 4324 intelligit
447 4255 522 4308 codd
555 4254 564 4322 ΙΙ
595 4245 755 4322 victamque
773 4258 799 4305 11
825 4253 835 4321 ΙΙ
866 4252 956 4306 bubus
976 4270 1017 4321 γα
1054 4254 1163 4307 duobus
1176 4253 1265 4307 bobus
1285 4255 1376 4338 (prim

233 4324 349 4389 induet.)
368 4328 394 4375 Η
424 4325 434 4393 ΙΙ
467 4329 508 4378 15.
532 4324 641 4395 8088]
633 4328 741 4378 8888088
764 4324 957 4392 Frendeaberp
987 4326 997 4394 ΙΙ
1030 4330 1071 4378 18.
1094 4325 1169 4377 idem
1191 4322 1267 4378 lacus
1286 4320 1374 4393 Hlyb'

233 4393 463 4455 1808180888ι
499 4395 575 4450 lacus
591 4399 595 4465 Ι
611 4395 686 4452 idem
705 4414 723 4449 a
750 4395 759 4466 5
788 4400 829 4452 19
849 4411 964 4451 arcanus
984 4413 1005 4448 a
1042 4394 1178 4450 archanus
1197 4399 1242 4464 Hy
